3059 4684
738 424 787 492 30

178 643 274 705 quam
297 618 395 687 verba
414 618 540 685 finxisse
564 623 792 705 praelicenter,
807 624 897 690 inter
913 642 994 706 quae
1010 623 1053 685 et
1067 621 1341 689 mendicimonium

179 746 245 792 esse
268 733 300 792 et
321 726 614 794 muechimonium«.
650 728 820 794 Praeterea
843 735 948 793 autem
971 727 1123 792 Laberius
1146 730 1240 793 etiam
1265 729 1341 793 »mi-

179 833 399 898 serimonium«
416 834 595 915 usurpavit,
611 855 639 900 v.
658 839 698 899 68
715 835 762 899 ed.
779 833 890 913 Ribb.;
907 834 946 899 cf.
964 833 1090 897 deiude:
1103 830 1341 902 mercimonium

179 938 280 1003 Plaut.
310 938 462 1022 Amphitr.
486 938 566 1021 prol.
595 943 628 1017 l,
652 938 772 1022 Turpil.
798 944 861 1004 204
888 938 936 1004 ed.
960 938 1006 1016 R,
1030 936 1131 1020 Capit.
1157 941 1271 1008 Anton.
1295 941 1341 1006 Pii

179 1064 205 1109 c.
231 1048 288 1121 23,
312 1043 532 1109 castimoniam
558 1043 650 1126 Apul.
670 1043 711 1112 M.
739 1050 788 1125 ll,
812 1047 884 1124 193,
908 1043 1000 1126 gloss.
1024 1041 1130 1126 cyrill.
1155 1053 1187 1111 et
1210 1047 1340 1127 Philox,

177 1148 238 1214 vid.
262 1149 404 1240 Hildebr.
428 1151 470 1216 ad
495 1149 585 1232 Apul.
606 1148 648 1216 M.
676 1155 729 1229 ll,
754 1153 827 1215 793,
873 1148 963 1226 Quod
987 1147 1147 1214 derivandi
1170 1172 1267 1235 genus
1283 1152 1339 1216 Pe·

177 1257 299 1321 tronius
321 1263 446 1321 secutus
468 1261 515 1320 est
536 1255 568 1319 iu
592 1255 677 1321 hisce
702 1257 849 1323 vocibus:
878 1257 1127 1338 paudimcm'um
1152 1263 1212 1337 613
1235 1264 1337 1322 testi-

177 1366 399 1428 6106616163,

492 1618 522 1687 3.
556 1620 602 1686 De
623 1618 795 1706 adjectivis
817 1617 852 1684 in
874 1637 916 1685 ax
938 1617 1022 1685 dass.

282 1779 483 1861 Quamquam
498 1779 655 1864 adjectiva
669 1781 700 1844 in
723 1801 770 1843 aa
794 1779 969 1845 desinentia
984 1779 1079 1843 etiam
1095 1775 1339 1860 ascriptoribus

182 1885 310 1967 optimis
332 1906 393 1949 nou
419 1884 521 1950 aliena
536 1892 624 1963 sunt,
647 1892 752 1950 tamen
776 1885 807 1949 iu
834 1905 976 1949 sermone
998 1884 1117 1949 rustico
1139 1889 1205 1947 tam
1229 1881 1341 1946 crebra

179 1998 229 2055 est
249 1991 307 2055 illa
322 1990 479 2057 formandi
494 1991 593 2068 ratic,
614 1992 698 2055 utin
715 1990 835 2054 deliciis
851 1988 954 2072 plebis
970 1987 1157 2054 collocanda
1173 1990 1223 2054 sit.
1259 1987 1339 2053 Nam

177 2104 289 2178 poetas
320 2097 472 2174 comicos,
504 2116 638 2179 quorum
669 2097 805 2160 maxime
825 2093 879 2159 ille
905 2095 1109 2177 componendi
1135 2094 1246 2160 modus
1268 2117 1340 2177 pro·

177 2202 265 2285 prius
284 2206 346 2280 est,
370 2202 501 2283 vulgare
515 2201 677 2267 derivandi
694 2222 791 2284 genus
805 2200 946 2264 imitatos
962 2221 1029 2265 esse
1044 2210 1137 2282 put03
1161 2202 1198 2266 cf.
1216 2203 1339 2278 traham

177 2327 289 2389 rapax,
307 2326 440 2389 procax,
455 2307 588 2373 mordax
599 2309 630 2371 iu
646 2307 706 2374 lex.
722 2306 825 2371 Plaut.
842 2305 950 2382 Parei3
971 2313 1070 2388 petax
1093 2308 1184 2388 glosa.
1202 2316 1337 2391 excerpt.

177 2414 306 2478 comica.
330 2412 415 2495 apud
437 2411 591 2481 Ribbekk.
615 2435 644 2495 p.
671 2417 744 2487 322,
766 2430 868 2493 vagax
889 2409 964 2474 ibid
987 2432 1017 2494 p.
1044 2416 1122 2492 3233
1145 2450 1187 2461 -
1211 2414 1339 2494 liuguax

177 2518 251 2600 pall.
274 2518 354 2584 inec.
379 2522 421 2581 60
444 2517 491 2582 ed.
507 2517 607 2597 Ribb,
628 2519 719 2583 vivax
740 2517 849 2582 Airan.
875 2520 954 2592 261,
977 2517 1143 2599 perspicax
1166 2520 1263 2602 ejusd.
1291 2526 1340 2600 59,

175 2624 276 2689 fallax
306 2623 403 2707 ejusd.
439 2629 494 2706 14,
533 2624 643 2707 Pomp.
678 2629 754 2701 164,
786 2628 880 2686 cutax
903 2621 1001 2688 Lucil.
1026 2620 1105 2689 Non.
1137 2645 1167 2706 p.
1201 2630 1258 2705 26,
1292 2631 1340 2701 18,

177 2737 289 2795 vatrax
312 2728 387 2796 ibid.
434 2731 539 2811 Atque
557 2728 637 2794 Cato
660 2751 684 2795 r.
709 2750 732 2793 r.
759 2732 793 2805 2,
818 2732 836 2791 7
859 2736 985 2811 patrem
1007 2728 1145 2795 familias
1169 2734 1338 2798 vendacem

177 2858 240 2903 nou
264 2856 401 2900 emacem
424 2855 492 2900 esse
514 2840 662 2917 oportere
685 2835 814 2900 censuit.
860 2834 964 2898 Adde:
989 2842 1087 2916 tagax
1106 2834 1188 2903 Fest.
1212 2859 1242 2920 p.
1269 2844 1342 2914 389,

178 2941 270 3006 furax
295 2940 455 3024 Lamprid.
482 2939 569 3005 Alex.
592 2938 660 3006 Sev.
685 2944 740 3018 66,
771 2940 871 3005 cadax
895 2939 987 3022 gloss.
1017 2950 1077 3009 vet.
1111 2943 1198 3026 apud
1224 2944 1340 3007 Maium

178 3045 267 3130 (Vlll
284 3046 321 3112 cl.
339 3049 455 3131 auctt)
479 3068 508 3129 p.
533 3051 610 3124 149,
634 3048 705 3111 olax
728 3069 758 3129 p.
778 3050 840 3109 399
863 3045 949 3123 ibid,
973 3048 1090 3130 opiuax
1111 3073 1141 3133 p,
1168 3053 1229 3114 397
1254 3048 1340 3125 ibid..

179 3153 326 3217 obstinax
349 3157 411 3215 403
434 3152 520 3230 ibid,
542 3153 755 3234 praemordax
778 3155 842 3215 470
872 3151 948 3219 ibid.
1000 3152 1072 3219 Jam
1095 3154 1236 3220 Petronii
1267 3164 1341 3220 sunt

178 3259 257 3323 haec
286 3257 460 3341 adjectiva:
491 3259 647 3322 uterinae
670 3262 729 3335 42,
760 3266 941 3320 contumace
970 3261 1049 3336 132,
1080 3282 1196 3343 cirpea
1221 3268 1260 3324 62
1291 3261 1343 3325 bis

178 3364 228 3445 (cl.
253 3363 450 3445 nugacitas
473 3362 545 3446 Sap.
570 3368 606 3443 4,
634 3368 670 3427 12
695 3362 802 3446 Vulg.)
824 3368 923 3428 eatae
948 3368 999 3428 43.

410 3693 412 3696 ,
478 3618 536 3687 ,4.
569 3619 616 3686 De
639 3619 787 3693 adverbii
811 3621 1015 3687 formatione.

282 3782 460 3864 Scriptores
482 3779 595 3846 urbani
619 3783 740 3863 generis
764 3804 802 3846 ea
824 3778 989 3856 adverbia,
1013 3799 1095 3860 quae
1119 3801 1138 3843 a
1161 3783 1345 3848 numinibus

178 3886 341 3968 adjectivis
371 3885 413 3947 1⁸⁰
450 3896 482 3952 et
512 3888 572 3953 11⁸²
610 3887 830 3953 declinationis
860 3884 1122 3965 proficiscuntur,
1154 3885 1185 3948 in
1212 3909 1228 3948 e
1252 3889 1345 3951 vele

182 3991 324 4054 derivare
345 3991 461 4065 solent,
487 3994 541 4057 sed
557 3994 680 4057 malunt
695 3993 731 4068 ii,
756 3992 810 4074 qui
828 3990 1007 4071 antiquiore
1027 3995 1133 4052 aetate
1155 3986 1346 4071 duruerunt,

177 4097 374 4178 maximeque
395 4104 518 4179 poetae·
531 4098 659 4176 comici,
682 4106 730 4160 ter
752 4084 867 4161 suffixo
886 4095 943 4159 illa
966 4093 1127 4161 adverbia.
1146 4113 1348 4178 componere,
