3059 4684
772 431 817 498 19

789 527 899 535 -.ο-,ι-

212 630 504 705 conservaverimus,
513 631 587 712 quia
596 630 730 708 genuina
738 624 805 710 ejus
817 625 951 692 nominis
958 625 1061 690 forma
1069 631 1117 690 est
1127 625 1377 716 »Neplumnus«;

212 736 248 801 ot
272 735 470 819 Neptumnus
491 742 524 798 et
546 732 769 818 Neptumnalia
791 730 881 798 Grut.
908 737 989 817 460,
1016 736 1043 795 3.

509 994 581 1080 ΙΙ.
634 995 709 1076 De
754 991 1059 1075 flexione.

606 1138 643 1220 a)
677 1136 722 1200 lle
744 1132 971 1199 declinatione.
1090 1188 1093 1191 .

415 1262 440 1320 l.
480 1260 569 1333 Quae
592 1279 684 1323 voees
705 1265 924 1343 metaplasmo
948 1263 1089 1342 affectae
1110 1260 1183 1318 siat.

319 1376 441 1447 Primae
456 1383 660 1448 declinationi
674 1383 842 1466 generique
853 1382 1002 1448 feminino
1018 1399 1245 1463 nonnunquam
1263 1385 1377 1444 neutra

213 1490 288 1555 ΙΙΙ1ιο
312 1489 528 1556 declinationis
549 1488 582 1552 in
602 1510 624 1552 6
640 1487 815 1555 desinentia
830 1488 1064 1572 adjunguntur,
1087 1485 1176 1569 eujus
1192 1486 1379 1555 mutationis

214 1616 357 1661 caussam
380 1593 453 1657 inde
471 1593 657 1676 repetimus,
674 1594 762 1677 quod
777 1593 893 1660 similes
908 1602 983 1659 sunt
997 1590 1242 1669 terminationes,
1258 1593 1296 1656 cf.
1313 1592 1379 1657 dia-

214 1703 337 1768 demam
347 1700 497 1782 Pompon.
525 1702 602 1778 163;
625 1698 773 1782 dogmam
790 1699 900 1764 Laber.
928 1704 966 1762 17
978 1721 986 1779 ;
1008 1721 1115 1782 syrma
1129 1697 1246 1782 (abl),
1270 1698 1379 1764 Afrae.

216 1814 255 1874 64
280 1816 347 1888 ete,
378 1829 404 1871 v.
435 1804 523 1871 Neue
552 1806 583 1885 l,
616 1810 688 1871 636.
745 1807 791 1869 Ac
823 1805 990 1872 Petronius
1020 1804 1070 1869 his
1099 1804 1201 1868 utitur
1233 1804 1380 1870 vocibus:

213 1917 359 1977 schemae
382 1932 406 1975 6.
423 1915 480 1989 44,
503 1914 787 1993 649616616646,
812 1916 861 1978 66.
894 1911 943 1977 Ob
959 1907 1090 1974 eandem
1113 1928 1257 1972 caussam
1282 1910 1378 1975 etiam

214 2025 329 2081 neutra
349 2016 483 2099 pluralis
498 2036 723 2100 nonuunquam
739 2017 891 2102 singulari
906 2037 1037 2081 numero
1053 2035 1091 2080 ac
1108 2016 1213 2095 generi
1229 2015 1381 2082 feminino

216 2123 343 2204 adjecta
364 2126 450 2200 sunt,
467 2139 564 2203 qnam
581 2123 735 2189 rationem
748 2121 994 2206 Schmilinskyus
1004 2120 1069 2203 jam
1085 2120 1204 2185 formae
1216 2120 1382 2193 Plautinae

219 2231 401 2290 »ramenta«
426 2223 519 2306 (Rud.
549 2228 646 2305 1016,
668 2228 783 2294 Β66611.
809 2232 885 2312 613)
911 2228 1011 2292 inesse
1034 2226 1189 2308 cognovit.
1213 2233 1381 2310 praeterea

216 2328 254 2395 cf.
271 2336 447 2409 caementa,
470 2330 636 2396 660111.
654 2339 694 2400 et
698 2340 731 2415 7,
749 2339 782 2412 2,
800 2338 858 2413 213
879 2330 1054 2417 impendia,
1075 2351 1112 2394 ae
1127 2328 1217 2396 Grut.
1237 2336 1335 2410 1077,
1352 2337 1379 2396 6.

214 2437 311 2514 retia,
345 2457 382 2501 ae
416 2436 484 2503 cdd.
512 2438 612 2503 Italae
638 2437 755 2517 Mae,
782 2444 836 2517 18,
862 2437 1002 2518 20,Me.
1029 2441 1062 2518 1,
1089 2441 1144 2516 16,
1172 2443 1226 2518 19,
1249 2436 1324 2502 Luc.
1351 2446 1379 2516 6,

215 2546 309 2604 4-6,
346 2542 469 2608 Diezius
491 2550 599 2609 autem
624 2542 817 2626 membres,
839 2565 985 2627 pecoras,
1008 2549 1118 2626 pratas
1134 2552 1213 2614 (aco.
1231 2543 1318 2627 pl.)«,
1341 2565 1379 2608 ex

216 2646 308 2727 gloss.
339 2650 471 2714 vetustis
502 2648 637 2716 eontulit
664 2648 698 2714 in
729 2649 802 2713 edit.
833 2652 924 2732 gloss.
948 2647 1063 2714 Caesel
1086 2669 1115 2730 p.
1140 2651 1182 2712 38
1207 2648 1248 2712 ad
1271 2669 1379 2714 vocem

220 2751 424 2818 »membras«.
455 2753 566 2837 Neque
581 2753 672 2819 abest
686 2755 742 2821 illa
757 2754 953 2820 consuetudo
969 2775 990 2819 a
1003 2754 1118 2837 linguis
1132 2754 1381 2820 Romanensibus

219 2855 256 2917 cf.
281 2858 405 2938 gaudia,
431 2858 609 2942 11613166,
631 2859 681 2923 Fr.
697 2860 764 2943 joie
786 2867 844 2925 etc.
867 2859 945 2923 rid:
968 2858 1049 2922 Diez.
1074 2879 1117 2938 gr.
1133 2858 1179 2937 ss,
1200 2881 1230 2942 p.
1247 2866 1297 2925 21.
1332 2861 1388 2926 Εἰ

218 2962 277 3026 hoc
300 2984 411 3045 genere
433 2970 481 3028 est
495 2961 735 3029 Trimalchionis
757 2964 888 3029 verbum
911 2968 1058 3028 triclinia
1081 2985 1107 3029 c.
1129 2969 1179 3028 71.
1224 2955 1379 3034 Studerus

217 3067 574 3151 6111116111(Μ.’1111.11,
599 3071 653 3152 77)
681 3076 714 3134 et
736 3069 931 3135 Roensohius
953 3070 999 3153 (p.
1024 3069 1104 3154 436)
1136 3070 1218 3134 hauc
1247 3072 1382 3140 formam

218 3175 329 3238 volunt
352 3194 418 3238 esse
440 3174 610 3257 pluralem,
640 3175 680 3239 ad
711 3196 808 3259 quam
830 3174 960 3241 verbum
990 3175 1166 3242 »saciatur«
1190 3178 1382 3245 Graecorum

137 3334 139 3337 ,
218 3280 341 3345 dicendi
372 3282 495 3346 ratione
524 3279 697 3359 referatur,
727 3280 782 3345 sed
814 3281 1005 3364 graecismus
1036 3282 1188 3368 ejusmodi
1218 3286 1269 3349 rix
1296 3289 1382 3370 apud

217 3385 334 3451 latinos
357 3387 529 3470 scriptores
551 3386 717 3453 invenitur.
762 3385 866 3451 Multa
888 3386 1083 3453 Roensohius
1107 3392 1251 3474 exempla
1271 3413 1310 3456 ex
1333 3414 1384 3459 ve-

221 3494 405 3559 tustissimis
427 3494 606 3577 scripturae
628 3512 738 3558 sacrae
753 3493 1016 3560 translationibus
1039 3497 1163 3576 attulit,
1187 3498 1243 3563 sed
1264 3504 1384 3586 perspi·

221 3618 315 3663 cuum
339 3606 402 3678 est,
427 3599 622 3666 auctoritate
644 3598 717 3664 libri
740 3599 824 3663 sacri
845 3599 966 3666 factum
989 3621 1069 3680 esse,
1092 3609 1128 3664 ut
1150 3602 1193 3680 is,
1216 3606 1272 3685 qui
1295 3606 1383 3673 illum

221 3703 253 3766 in
269 3724 445 3769 sermonem
466 3707 599 3773 latinum
615 3706 775 3782 vertebat,
798 3705 894 3768 nimie
908 3707 1098 3771 verecundia
1114 3728 1260 3786 graecam
1275 3713 1386 3798 imagi-

220 3826 293 3872 nem
315 3817 508 3894 sequeretur.
544 3811 790 3894 Progrediamur
813 3811 926 3893 igitur!
963 3811 1070 3894 Atque
1085 3833 1103 3876 e
1117 3817 1303 3896 quotidiano
1327 3842 1385 3886 usn

220 3914 323 3978 forma
341 3919 540 3999 praecariae
563 3939 587 3983 c.
613 3923 653 3983 67
677 3920 802 3986 videtur
832 3938 914 3998 esse,
942 3938 1025 3998 qnae
1048 3941 1146 4004 quum
1170 3931 1282 3990 exorta
1304 3927 1386 3991 site

221 4022 414 4087 Graecorum
438 4026 637 4106 φαικάσιον,
659 4027 691 4089 16
715 4025 838 4090 urbano
861 4043 1005 4088 sermone
1021 4031 1164 4093 neutrius
1186 4036 1235 4094 est
1257 4032 1386 4112 generis,

222 4128 309 4212 quod
331 4127 508 4193 Schefferus
531 4138 640 4195 nostro
663 4130 733 4194 loco
754 4133 912 4214 probavit.
957 4131 1050 4197 Adde
1075 4155 1193 4216 rapam
1219 4156 1244 4200 c.
1269 4141 1309 4201 66
1334 4137 1388 4218 (cl.

1173 4267 1213 4320 2*
