3059 4684
789 369 835 437 21

231 591 368 633 cornum
394 591 431 651 p.
455 589 559 632 cornu
576 573 613 631 c.
639 573 688 632 39.
732 564 781 630 Ea
803 565 983 633 declinandi
1005 568 1087 633 ratio
1110 573 1143 631 et
1165 567 1391 651 antiquissimis

230 676 355 755 linguae
378 675 497 740 latinae
520 674 717 757 temporibus
740 678 773 736 et
794 671 869 736 iude
892 672 932 737 ab
956 674 1061 738 seculo
1084 695 1113 756 p.
1135 672 1167 737 G.
1190 681 1308 756 quarto
1331 676 1392 740 fre

229 780 435 863 quentissima
457 786 514 856 est,
537 778 626 844 utin
647 777 829 842 rusticitate
850 797 972 860 semper
991 778 1109 843 usitata
1124 777 1221 844 luisse
1236 778 1390 843 videatur.

230 887 308 951 (lum
332 907 408 950 voce
433 884 555 965 »gusti«
581 883 747 950 cf..Plauti
781 881 942 960 »adventu
965 885 1103 965 quaesti,
1126 883 1243 962 senati,
1275 886 1392 967 sumpti

229 990 357 1057 tumulti
380 999 469 1069 etc«,
492 990 551 1056 vid.
566 991 654 1054 Neue
668 988 692 1066 1,
717 992 790 1052 362.
812 992 845 1053 et
860 985 1045 1055 Buecheleri
1069 987 1260 1058 »Grundriss
1282 992 1311 1056 d.
1334 993 1391 1058 lat.

235 1096 449 1161 ilsclination«
475 1120 496 1179 p
521 1102 558 1159 31
585 1103 726 1195 extupac
749 1095 938 1162 rusticitatis
960 1115 1051 1160 usum
1069 1097 1253 1180 posterioris
1276 1102 1391 1166 aetatu

152 1200 159 1215 '
231 1203 311 1266 bene
334 1202 527 1268 Rososchius
556 1223 609 1285 pp.
634 1205 713 1278 260,
742 1205 803 1266 261
831 1202 932 1268 Italae
962 1201 1113 1284 exemplis
1142 1202 1314 1269 illustravit
1350 1243 1389 1253 -

230 1307 302 1371 Jam
325 1329 395 1373 oum
419 1309 521 1373 forma
546 1328 715 1373 »cornum«
742 1305 779 1371 cf.
804 1320 946 1385 weram,
971 1307 1090 1388 gelum,
1112 1312 1340 1386 testamen«,
1363 1332 1390 1374 v.

228 1413 322 1478 Neue
337 1412 369 1494 Ι,
391 1419 549 1479 asa-er.

337 1518 468 1583 Restant
491 1520 554 1584 duo
577 1519 748 1590 vocabula,
772 1539 855 1601 quae
877 1539 916 1581 ex
939 1517 984 1583 11⁸
1011 1518 1220 1585 declinatione
1241 1519 1286 1583 im
1307 1518 1391 1584 illm

228 1630 303 1688 eunt
334 1624 505 1689 translata:
534 1626 661 1688 Iracubo
691 1646 752 1707 pro
774 1623 919 1687 Iocutus
941 1645 965 1689 o.
991 1628 1048 1701 68,
1077 1632 1110 1689 et
1136 1625 1308 1707 Neptunus
1331 1648 1390 1710 pro

232 1730 402 1809 Neptunus
425 1749 450 1792 c.
465 1734 514 1794 76.
551 1731 597 1792 Ac
620 1749 729 1794 vocem
748 1727 935 1810 »Neptuno«
960 1730 1055 1793 etiam
1069 1727 1295 1809 Buechelerus,
1310 1732 1391 1800 v»lu-

227 1835 309 1899 cubo
329 1842 361 1899 et
376 1832 523 1901 Talasio«
542 1834 721 1901 nominibus
745 1835 954 1917 comparatis,
978 1835 1113 1917 conjecit
1136 1857 1205 1901 asse
1229 1838 1391 1918 vulgarem

228 1941 362 2003 formam
385 1940 520 2003 nominis
545 1938 769 2021 »Neptunus‹:
795 1960 853 2004 nos
877 1939 912 2003 ll.
938 1940 1057 2005 codicis
1079 1941 1247 2006 lectionem
1269 1941 1390 2026 duplici

229 2069 252 2108 u
279 2045 373 2108 litera
393 2043 547 2125 scriptam
570 2046 754 2128 recepimus,
777 2045 816 2109 cf.
839 2045 912 2111 diss.
935 2067 965 2129 p.
992 2049 1039 2109 18.
1236 2042 1238 2045 ’
1332 2040 1337 2046 ’

413 2223 441 2281 2.
479 2221 569 2294 Quae
591 2239 683 2284 cocae
701 2242 763 2304 per
785 2224 990 2284 cucurutium
1006 2226 1200 2304 flectantur.

328 2358 529 2425 Nominativo
551 2364 631 2458 steps
653 2382 712 2444 pro
734 2366 831 2443 stipes
845 2359 988 2426 Phileros
1010 2363 1112 2427 utitur
1128 2362 1254 2428 Petrou.
1279 2384 1305 2426 c.
1330 2370 1388 2443 433

176 2486 179 2487 ⁷
225 2464 317 2546 plebs
339 2462 420 2526 enim
441 2461 521 2527 falso
553 2464 679 2546 »trabs‚
709 2466 804 2532 urbs«
830 2467 1027 2551 aliorumque
1050 2470 1210 2534 nominum
1234 2471 1389 2535 rationem

224 2570 373 2651 sequitur.
429 2567 571 2635 Eandem
602 2571 735 2636 formam
765 2571 1021 2638 Dieffenbachius
1051 2573 1159 2654 affert3
1194 2575 1387 2642 Roenschius

129 2757 131 2761 y
224 2678 265 2757 (p.
287 2678 362 2756 263)
385 2675 464 2741 baec
487 2698 526 2741 ex
548 2675 648 2743 italae
663 2675 826 2742 codicibus
849 2680 994 2762 exempla
1016 2679 1153 2764 adjecit:
1178 2678 1301 2745 »nubs«
1327 2703 1387 2765 pro

227 2782 374 2845 »nubes«.
398 2782 453 2848 Mt
465 2788 503 2847 l7
513 2832 520 2860 ‚
537 2787 570 2860 6,
585 2783 644 2849 Mo.
655 2790 682 2862 9,
699 2787 717 2846 7
726 2832 733 2861 ,
750 2782 803 2847 Lo
819 2789 855 2860 9,
875 2791 932 2862 34,
949 2785 1038 2850 codd.
1054 2783 1142 2851 (lant.
1157 2785 1247 2851 Vero.
1259 2786 1389 2864 Veron.;

225 2902 283 2952 act.
311 2893 341 2967 l,
365 2894 403 2965 e,
425 2908 469 2953 oc.
494 2886 593 2953 Laud.
617 2896 649 2953 et
671 2887 761 2953 Cant.

329 2991 387 3057 (lui
414 2993 534 3073 generi,
550 2994 713 3061 contrado
744 3000 792 3059 est
820 2994 923 3059 torma
953 2995 1103 3061 nominat.
1133 2997 1223 3060 auia
1251 3018 1311 3079 pro
1333 3000 1390 3061 tos

223 3101 305 3164 Petr.
322 3122 346 3165 c.
362 3104 421 3176 62,
437 3119 520 3181 quae
535 3099 596 3166 hoo
611 3120 673 3164 uno
689 3100 759 3166 loco
776 3100 947 3179 iuvenitur3
970 3099 1025 3166 sed
1040 3122 1104 3167 non
1116 3101 1231 3167 desunt
1247 3102 1389 3186 ejusdem

223 3207 355 3277 rationis
378 3206 523 3289 exempla
543 3207 576 3270 in
591 3207 786 3284 rusticitate,
811 3206 849 3269 cf.
869 3206 1010 3273 »trabis«
1027 3229 1058 3290 p.
1078 3207 1206 3272 »trabs«
1224 3207 1279 3272 Mt.
1297 3213 1331 3286 7,
1350 3214 1388 3286 43

222 3313 292 3379 Ital.
317 3333 361 3375 co.
385 3312 473 3377 Verc.
489 3312 601 3377 Veron.
626 3311 708 3377 Brix.
733 3312 822 3377 Fuld.
836 3312 960 3393 ‘sends
983 3334 1008 3376 v.
1025 3313 1167 3379 Roenscb
1199 3336 1230 3396 pt
1250 3317 1321 3377 263.
1346 3351 1387 3361 --

223 3418 374 3499 Sequitur
404 3419 552 3484 nominat
583 3418 688 3484 torma
709 3420 805 3481 Jovis
828 3417 952 3481 Petron.
977 3438 1001 3481 c.
1026 3423 1083 3496 47,
1108 3425 1156 3484 68.
1211 3418 1258 3483 Ea
1283 3428 1389 3484 autem

224 3544 322 3604 quum
345 3522 430 3604 apud
453 3524 622 3609 scriptores
644 3523 787 3605 priorum
810 3522 898 3587 urbis
921 3523 1098 3588 seculorum
1125 3525 1241 3606 legitur
1265 3531 1332 3589 tum
1356 3528 1388 3591 in

119 3621 121 3625 ’
224 3649 367 3695 sermone
396 3630 515 3694 rustice
545 3627 758 3712 posteriorum
782 3636 959 3710 temporum
982 3627 1234 3713 frequentissima
1256 3638 1318 3709 est3
1350 3634 1387 3697 cf.

207 3733 304 3796 *unu
330 3753 399 3797 anu.
418 3739 474 3811 64,
498 3733 608 3799 Caecil.
626 3738 666 3798 37
676 3781 683 3809 ,
706 3732 818 3815 Hygia.
840 3732 869 3797 ff.
895 3740 951 3815 31,
976 3739 1033 3813 63,
1059 3739 1100 3797 54
1118 3741 1185 3810 etc,
1209 3735 1247 3799 ot
1263 3735 1387 3818 Neuel,

247 3886 254 3900 .
283 3843 352 3904 189.

223 3859 245 3920 p
329 3941 449 4006 Deinde
464 3947 547 4007 lacte
571 3942 722 4023 formam,
745 3965 828 4027 quae
847 3966 906 4027 pro
931 3950 984 4008 luc
999 3944 1082 4010 Petr.
1098 3967 1123 4010 c.
1140 3950 1182 4011 38
1206 3956 1388 4029 usurpatur,

224 4049 309 4137 apud
340 4046 572 4129 antiquissimos
601 4050 773 4135 scriptores
803 4070 896 4133 saepe
926 4050 988 4133 legi
1018 4050 1181 4144 Charisius
1212 4058 1244 4115 et
1270 4051 1389 4119 Nouius
