<?xml version="1.0" encoding="UTF-8"?>
<!DOCTYPE html PUBLIC "-//W3C//DTD XHTML 1.0 Transitional//EN"
    "http://www.w3.org/TR/xhtml1/DTD/xhtml1-transitional.dtd">
<html xmlns="http://www.w3.org/1999/xhtml" xml:lang="en" lang="en">
 <head>
  <title>
</title>
<meta http-equiv="Content-Type" content="text/html;charset=utf-8" />
  <meta name='ocr-system' content='tesseract 3.04.00' />
  <meta name='ocr-capabilities' content='ocr_page ocr_carea ocr_par ocr_line ocrx_word'/>
</head>
<body>
  <div class='ocr_page' id='page_1' title='image "./depetroniisermo00ludwgoog_0045.png"; bbox 0 0 3059 4684; ppageno 0'>
   <div class='ocr_carea' id='block_1_1' title="bbox 708 438 917 551">
    <p class='ocr_par' dir='ltr' id='par_1_1' title="bbox 708 438 917 551">
     <span class='ocr_line' id='line_1_1' title="bbox 708 438 917 551; baseline -0.01 0"><span class='ocrx_word' id='word_1_1' title='bbox 708 438 917 551; x_wconf 51' lang='grc' dir='ltr'>ΔΖ...</span> 
     </span>
    </p>
   </div>
   <div class='ocr_carea' id='block_1_2' title="bbox 229 638 1394 2205">
    <p class='ocr_par' dir='ltr' id='par_1_2' title="bbox 232 638 1394 1675">
     <span class='ocr_line' id='line_1_2' title="bbox 233 638 1388 724; baseline -0.008 -17"><span class='ocrx_word' id='word_1_2' title='bbox 233 647 302 707; x_wconf 82' lang='lat' dir='ltr'>eost</span> <span class='ocrx_word' id='word_1_3' title='bbox 324 647 455 724; x_wconf 78' lang='lat' dir='ltr'>argento</span> <span class='ocrx_word' id='word_1_4' title='bbox 476 640 597 706; x_wconf 85' lang='lat' dir='ltr'>faotnm</span> <span class='ocrx_word' id='word_1_5' title='bbox 617 639 707 705; x_wconf 87' lang='lat' dir='ltr'>Most.</span> <span class='ocrx_word' id='word_1_6' title='bbox 733 645 804 717; x_wconf 87' lang='grc'>620,</span> <span class='ocrx_word' id='word_1_7' title='bbox 827 660 891 722; x_wconf 92' lang='lat' dir='ltr'>quo</span> <span class='ocrx_word' id='word_1_8' title='bbox 914 640 985 704; x_wconf 86' lang='lat' dir='ltr'>loeo</span> <span class='ocrx_word' id='word_1_9' title='bbox 1011 639 1068 703; x_wconf 85' lang='lat' dir='ltr'><em>rid.</em></span> <span class='ocrx_word' id='word_1_10' title='bbox 1092 638 1221 705; x_wconf 80' lang='lat' dir='ltr'>Lorenz.</span> <span class='ocrx_word' id='word_1_11' title='bbox 1246 639 1388 705; x_wconf 79' lang='lat' dir='ltr'>adnotat.</span> 
     </span>
     <span class='ocr_line' id='line_1_3' title="bbox 234 743 1393 830; baseline -0.007 -17"><span class='ocrx_word' id='word_1_12' title='bbox 234 784 274 795; x_wconf 84' lang='lat'>-—</span> <span class='ocrx_word' id='word_1_13' title='bbox 299 770 396 830; x_wconf 88' lang='lat' dir='ltr'>quum</span> <span class='ocrx_word' id='word_1_14' title='bbox 418 749 483 814; x_wconf 86' lang='lat' dir='ltr'>snio</span> <span class='ocrx_word' id='word_1_15' title='bbox 509 756 545 811; x_wconf 95' lang='lat' dir='ltr'>ut</span> <span class='ocrx_word' id='word_1_16' title='bbox 568 768 651 812; x_wconf 88' lang='lat' dir='ltr'>nuno</span> <span class='ocrx_word' id='word_1_17' title='bbox 680 767 749 810; x_wconf 89' lang='lat' dir='ltr'>sum</span> <span class='ocrx_word' id='word_1_18' title='bbox 771 745 847 811; x_wconf 82' lang='lat' dir='ltr'><em>ibid</em></span> <span class='ocrx_word' id='word_1_19' title='bbox 876 750 953 822; x_wconf 91' lang='grc'>142,</span> <span class='ocrx_word' id='word_1_20' title='bbox 975 752 1086 828; x_wconf 88' lang='lat' dir='ltr'>specta</span> <span class='ocrx_word' id='word_1_21' title='bbox 1111 767 1206 827; x_wconf 85' lang='lat' dir='ltr'>quarn</span> <span class='ocrx_word' id='word_1_22' title='bbox 1229 743 1393 809; x_wconf 75' lang='grc'>6616661-</span> 
     </span>
     <span class='ocr_line' id='line_1_4' title="bbox 233 850 1386 935; baseline -0.004 -18"><span class='ocrx_word' id='word_1_23' title='bbox 233 853 419 921; x_wconf 86' lang='lat' dir='ltr'><em>miuntibid.</em></span> <span class='ocrx_word' id='word_1_24' title='bbox 436 858 516 932; x_wconf 88' lang='grc'>816;</span> <span class='ocrx_word' id='word_1_25' title='bbox 538 853 609 919; x_wconf 84' lang='lat' dir='ltr'>vide</span> <span class='ocrx_word' id='word_1_26' title='bbox 631 853 656 917; x_wconf 93' lang='lat' dir='ltr'>si</span> <span class='ocrx_word' id='word_1_27' title='bbox 666 853 695 935; x_wconf 71' lang='lat'>²⁸)</span> <span class='ocrx_word' id='word_1_28' title='bbox 707 852 766 916; x_wconf 91' lang='lat' dir='ltr'><em>tibi</em></span> <span class='ocrx_word' id='word_1_29' title='bbox 781 851 888 934; x_wconf 85' lang='lat' dir='ltr'>piacet</span> <span class='ocrx_word' id='word_1_30' title='bbox 903 860 962 918; x_wconf 88' lang='lat' dir='ltr'>eto.</span> <span class='ocrx_word' id='word_1_31' title='bbox 978 852 1017 917; x_wconf 86' lang='lat' dir='ltr'><em>ai.</em></span> <span class='ocrx_word' id='word_1_32' title='bbox 1027 850 1146 916; x_wconf 85' lang='lat' dir='ltr'>Holtze.</span> <span class='ocrx_word' id='word_1_33' title='bbox 1166 850 1204 927; x_wconf 85' lang='lat'>11,</span> <span class='ocrx_word' id='word_1_34' title='bbox 1215 871 1267 934; x_wconf 81' lang='lat' dir='ltr'>pp</span> <span class='ocrx_word' id='word_1_35' title='bbox 1287 853 1347 913; x_wconf 86' lang='lat'>110</span> <span class='ocrx_word' id='word_1_36' title='bbox 1366 887 1386 893; x_wconf 88' lang='lat'>-</span> 
     </span>
     <span class='ocr_line' id='line_1_5' title="bbox 237 957 1393 1042; baseline -0.007 -18"><span class='ocrx_word' id='word_1_37' title='bbox 237 966 297 1024; x_wconf 89' lang='grc'>116</span> <span class='ocrx_word' id='word_1_38' title='bbox 327 967 359 1025; x_wconf 92' lang='grc'>61</span> <span class='ocrx_word' id='word_1_39' title='bbox 393 959 440 1039; x_wconf 94' lang='grc'>11,</span> <span class='ocrx_word' id='word_1_40' title='bbox 476 965 548 1026; x_wconf 89' lang='grc'>236.</span> <span class='ocrx_word' id='word_1_41' title='bbox 593 959 691 1037; x_wconf 86' lang='lat' dir='ltr'>Quem</span> <span class='ocrx_word' id='word_1_42' title='bbox 722 959 872 1042; x_wconf 89' lang='lat' dir='ltr'>loquendi</span> <span class='ocrx_word' id='word_1_43' title='bbox 906 959 1034 1024; x_wconf 85' lang='lat' dir='ltr'>mod··.m</span> <span class='ocrx_word' id='word_1_44' title='bbox 1066 957 1233 1022; x_wconf 80' lang='lat' dir='ltr'>Petronius</span> <span class='ocrx_word' id='word_1_45' title='bbox 1266 972 1393 1036; x_wconf 84' lang='lat' dir='ltr'>qnoque</span> 
     </span>
     <span class='ocr_line' id='line_1_6' title="bbox 232 1064 1392 1148; baseline -0.009 -18"><span class='ocrx_word' id='word_1_46' title='bbox 232 1072 360 1131; x_wconf 78' lang='lat' dir='ltr'>secutus</span> <span class='ocrx_word' id='word_1_47' title='bbox 383 1071 448 1143; x_wconf 86' lang='lat' dir='ltr'>est;</span> <span class='ocrx_word' id='word_1_48' title='bbox 470 1064 509 1129; x_wconf 85' lang='lat' dir='ltr'><em>oi.</em></span> <span class='ocrx_word' id='word_1_49' title='bbox 532 1087 625 1129; x_wconf 85' lang='lat' dir='ltr'>nemo</span> <span class='ocrx_word' id='word_1_50' title='bbox 649 1074 761 1145; x_wconf 70' lang='lat' dir='ltr'><em>nni-ai,</em></span> <span class='ocrx_word' id='word_1_51' title='bbox 785 1067 864 1148; x_wconf 83' lang='lat' dir='ltr'><em>qnid</em></span> <span class='ocrx_word' id='word_1_52' title='bbox 883 1084 1021 1129; x_wconf 81' lang='lat' dir='ltr'>aunone</span> <span class='ocrx_word' id='word_1_53' title='bbox 1043 1066 1168 1127; x_wconf 84' lang='lat' dir='ltr'>mordet</span> <span class='ocrx_word' id='word_1_54' title='bbox 1190 1081 1216 1124; x_wconf 84' lang='lat' dir='ltr'>c.</span> <span class='ocrx_word' id='word_1_55' title='bbox 1236 1065 1293 1136; x_wconf 85' lang='grc'>39,</span> <span class='ocrx_word' id='word_1_56' title='bbox 1314 1081 1392 1141; x_wconf 73' lang='lat' dir='ltr'>repo</span> 
     </span>
     <span class='ocr_line' id='line_1_7' title="bbox 234 1170 1392 1253; baseline -0.007 -20"><span class='ocrx_word' id='word_1_57' title='bbox 234 1172 313 1253; x_wconf 84' lang='lat' dir='ltr'><em>quid</em></span> <span class='ocrx_word' id='word_1_58' title='bbox 335 1180 436 1252; x_wconf 81' lang='lat' dir='ltr'>putas</span> <span class='ocrx_word' id='word_1_59' title='bbox 465 1170 945 1252; x_wconf 71' lang='grc' dir='ltr'>6.55161.Β6661]61.ρ.63),</span> <span class='ocrx_word' id='word_1_60' title='bbox 976 1190 1099 1237; x_wconf 79' lang='lat' dir='ltr'>narra,</span> <span class='ocrx_word' id='word_1_61' title='bbox 1129 1188 1228 1249; x_wconf 81' lang='lat' dir='ltr'>qnam</span> <span class='ocrx_word' id='word_1_62' title='bbox 1261 1172 1392 1229; x_wconf 83' lang='lat' dir='ltr'>contro-</span> 
     </span>
     <span class='ocr_line' id='line_1_8' title="bbox 234 1273 1393 1357; baseline -0.007 -19"><span class='ocrx_word' id='word_1_63' title='bbox 234 1280 372 1338; x_wconf 80' lang='lat' dir='ltr'>versiam</span> <span class='ocrx_word' id='word_1_64' title='bbox 390 1278 582 1339; x_wconf 67' lang='lat' dir='ltr'><em>declamasti</em></span> <span class='ocrx_word' id='word_1_65' title='bbox 596 1297 620 1339; x_wconf 85' lang='lat' dir='ltr'>e.</span> <span class='ocrx_word' id='word_1_66' title='bbox 638 1281 695 1357; x_wconf 83' lang='lat'>48,</span> <span class='ocrx_word' id='word_1_67' title='bbox 718 1297 842 1356; x_wconf 77' lang='lat' dir='ltr'>narra,</span> <span class='ocrx_word' id='word_1_68' title='bbox 865 1294 968 1357; x_wconf 83' lang='lat' dir='ltr'>quare</span> <span class='ocrx_word' id='word_1_69' title='bbox 989 1293 1055 1335; x_wconf 80' lang='lat' dir='ltr'>rum</span> <span class='ocrx_word' id='word_1_70' title='bbox 1074 1273 1232 1336; x_wconf 75' lang='lat' dir='ltr'><strong><em>recumbit</em></strong></span> <span class='ocrx_word' id='word_1_71' title='bbox 1246 1275 1303 1347; x_wconf 94' lang='grc'>67,</span> <span class='ocrx_word' id='word_1_72' title='bbox 1326 1290 1393 1331; x_wconf 85' lang='lat' dir='ltr'>nnn</span> 
     </span>
     <span class='ocr_line' id='line_1_9' title="bbox 234 1380 1394 1464; baseline -0.006 -20"><span class='ocrx_word' id='word_1_73' title='bbox 234 1385 379 1448; x_wconf 74' lang='lat' dir='ltr'>dixerut.</span> <span class='ocrx_word' id='word_1_74' title='bbox 403 1383 481 1464; x_wconf 82' lang='lat' dir='ltr'><em>quid</em></span> <span class='ocrx_word' id='word_1_75' title='bbox 499 1382 605 1463; x_wconf 81' lang='lat' dir='ltr'><em>pridie</em></span> <span class='ocrx_word' id='word_1_76' title='bbox 627 1402 824 1447; x_wconf 74' lang='lat' dir='ltr'>censueram</span> <span class='ocrx_word' id='word_1_77' title='bbox 842 1385 897 1458; x_wconf 94' lang='grc'>76,</span> <span class='ocrx_word' id='word_1_78' title='bbox 921 1400 1000 1462; x_wconf 78' lang='lat' dir='ltr'>rupo</span> <span class='ocrx_word' id='word_1_79' title='bbox 1020 1385 1138 1443; x_wconf 72' lang='grc'>1666616</span> <span class='ocrx_word' id='word_1_80' title='bbox 1160 1380 1326 1442; x_wconf 78' lang='lat' dir='ltr'>december</span> <span class='ocrx_word' id='word_1_81' title='bbox 1349 1385 1394 1438; x_wconf 78' lang='lat' dir='ltr'>eoi</span> 
     </span>
     <span class='ocr_line' id='line_1_10' title="bbox 236 1486 1393 1570; baseline -0.009 -16"><span class='ocrx_word' id='word_1_82' title='bbox 236 1495 292 1563; x_wconf 80' lang='grc'>68,</span> <span class='ocrx_word' id='word_1_83' title='bbox 317 1507 394 1570; x_wconf 79' lang='lat' dir='ltr'>rupo</span> <span class='ocrx_word' id='word_1_84' title='bbox 417 1489 500 1551; x_wconf 79' lang='lat' dir='ltr'><em>ebrii</em></span> <span class='ocrx_word' id='word_1_85' title='bbox 514 1490 587 1550; x_wconf 76' lang='grc'>66116</span> <span class='ocrx_word' id='word_1_86' title='bbox 602 1492 660 1566; x_wconf 83' lang='grc'>96,</span> <span class='ocrx_word' id='word_1_87' title='bbox 683 1495 854 1563; x_wconf 78' lang='lat' dir='ltr'>tentemus,</span> <span class='ocrx_word' id='word_1_88' title='bbox 878 1491 908 1550; x_wconf 82' lang='lat' dir='ltr'>ei</span> <span class='ocrx_word' id='word_1_89' title='bbox 920 1490 1028 1552; x_wconf 69' lang='lat' dir='ltr'>edituo</span> <span class='ocrx_word' id='word_1_90' title='bbox 1051 1488 1186 1552; x_wconf 80' lang='lat' dir='ltr'>sorbilia</span> <span class='ocrx_word' id='word_1_91' title='bbox 1208 1491 1285 1546; x_wconf 77' lang='lat' dir='ltr'><em>aurii</em></span> <span class='ocrx_word' id='word_1_92' title='bbox 1301 1503 1326 1546; x_wconf 90' lang='grc'>6.</span> <span class='ocrx_word' id='word_1_93' title='bbox 1343 1486 1393 1558; x_wconf 88' lang='grc'>33,</span> 
     </span>
     <span class='ocr_line' id='line_1_11' title="bbox 234 1592 1392 1675; baseline -0.009 -18"><span class='ocrx_word' id='word_1_94' title='bbox 234 1598 401 1675; x_wconf 75' lang='lat' dir='ltr'><em>inscriptio</em></span> <span class='ocrx_word' id='word_1_95' title='bbox 432 1595 504 1656; x_wconf 84' lang='lat' dir='ltr'>aide</span> <span class='ocrx_word' id='word_1_96' title='bbox 526 1594 697 1674; x_wconf 81' lang='lat' dir='ltr'>diiipenter</span> <span class='ocrx_word' id='word_1_97' title='bbox 718 1596 748 1656; x_wconf 85' lang='lat' dir='ltr'><em>si</em></span> <span class='ocrx_word' id='word_1_98' title='bbox 769 1595 848 1656; x_wconf 83' lang='grc'>1666</span> <span class='ocrx_word' id='word_1_99' title='bbox 870 1596 950 1656; x_wconf 73' lang='lat' dir='ltr'>sulib</span> <span class='ocrx_word' id='word_1_100' title='bbox 971 1595 1090 1658; x_wconf 81' lang='lat' dir='ltr'>idonea</span> <span class='ocrx_word' id='word_1_101' title='bbox 1114 1592 1173 1656; x_wconf 80' lang='lat' dir='ltr'><em>tibi</em></span> <span class='ocrx_word' id='word_1_102' title='bbox 1193 1592 1321 1655; x_wconf 84' lang='lat' dir='ltr'>videtur</span> <span class='ocrx_word' id='word_1_103' title='bbox 1344 1593 1392 1651; x_wconf 87' lang='grc'>71.</span> 
     </span>
    </p>

    <p class='ocr_par' dir='ltr' id='par_1_3' title="bbox 229 1695 1394 2205">
     <span class='ocr_line' id='line_1_12' title="bbox 340 1695 1393 1781; baseline -0.004 -19"><span class='ocrx_word' id='word_1_104' title='bbox 340 1697 454 1763; x_wconf 88' lang='lat' dir='ltr'>Verum</span> <span class='ocrx_word' id='word_1_105' title='bbox 470 1700 565 1765; x_wconf 86' lang='lat' dir='ltr'>etiam</span> <span class='ocrx_word' id='word_1_106' title='bbox 580 1697 683 1762; x_wconf 90' lang='lat' dir='ltr'>verbis</span> <span class='ocrx_word' id='word_1_107' title='bbox 697 1698 852 1764; x_wconf 84' lang='lat' dir='ltr'>sentiendi</span> <span class='ocrx_word' id='word_1_108' title='bbox 869 1706 901 1762; x_wconf 89' lang='lat' dir='ltr'>et</span> <span class='ocrx_word' id='word_1_109' title='bbox 916 1697 1041 1764; x_wconf 77' lang='lat' dir='ltr'><em>dicendi</em></span> <span class='ocrx_word' id='word_1_110' title='bbox 1052 1698 1253 1781; x_wconf 83' lang='lat' dir='ltr'>parataotica</span> <span class='ocrx_word' id='word_1_111' title='bbox 1268 1695 1393 1761; x_wconf 88' lang='lat' dir='ltr'>ratione</span> 
     </span>
     <span class='ocr_line' id='line_1_13' title="bbox 234 1804 1394 1888; baseline -0.003 -18"><span class='ocrx_word' id='word_1_112' title='bbox 234 1807 397 1870; x_wconf 83' lang='lat' dir='ltr'>enuntiate</span> <span class='ocrx_word' id='word_1_113' title='bbox 420 1804 650 1888; x_wconf 78' lang='lat' dir='ltr'>adjunguntur,</span> <span class='ocrx_word' id='word_1_114' title='bbox 683 1826 765 1887; x_wconf 83' lang='lat' dir='ltr'>quae</span> <span class='ocrx_word' id='word_1_115' title='bbox 795 1806 826 1869; x_wconf 92' lang='lat' dir='ltr'>in</span> <span class='ocrx_word' id='word_1_116' title='bbox 850 1826 991 1869; x_wconf 82' lang='lat' dir='ltr'>sermone</span> <span class='ocrx_word' id='word_1_117' title='bbox 1013 1804 1136 1869; x_wconf 85' lang='lat' dir='ltr'>urbano</span> <span class='ocrx_word' id='word_1_118' title='bbox 1158 1810 1322 1869; x_wconf 84' lang='lat' dir='ltr'>structura</span> <span class='ocrx_word' id='word_1_119' title='bbox 1344 1823 1394 1867; x_wconf 86' lang='lat' dir='ltr'>ae-</span> 
     </span>
     <span class='ocr_line' id='line_1_14' title="bbox 233 1908 1394 1993; baseline -0.003 -20"><span class='ocrx_word' id='word_1_120' title='bbox 233 1911 489 1978; x_wconf 70' lang='lat' dir='ltr'>assentimini</span> <span class='ocrx_word' id='word_1_121' title='bbox 518 1909 662 1976; x_wconf 89' lang='lat' dir='ltr'><em>adhibita</em></span> <span class='ocrx_word' id='word_1_122' title='bbox 684 1910 840 1993; x_wconf 84' lang='lat' dir='ltr'>&#39;subjungi</span> <span class='ocrx_word' id='word_1_123' title='bbox 867 1911 978 1986; x_wconf 80' lang='lat' dir='ltr'>solent,</span> <span class='ocrx_word' id='word_1_124' title='bbox 1011 1910 1050 1973; x_wconf 86' lang='lat' dir='ltr'>of.</span> <span class='ocrx_word' id='word_1_125' title='bbox 1077 1909 1142 1973; x_wconf 81' lang='lat' dir='ltr'>so&#39;io</span> <span class='ocrx_word' id='word_1_126' title='bbox 1173 1931 1246 1990; x_wconf 82' lang='lat' dir='ltr'>ego,</span> <span class='ocrx_word' id='word_1_127' title='bbox 1279 1908 1394 1972; x_wconf 84' lang='lat' dir='ltr'>multos</span> 
     </span>
     <span class='ocr_line' id='line_1_15' title="bbox 233 2012 1394 2098; baseline -0.002 -19"><span class='ocrx_word' id='word_1_128' title='bbox 233 2015 355 2080; x_wconf 79' lang='lat' dir='ltr'>luorum</span> <span class='ocrx_word' id='word_1_129' title='bbox 380 2018 519 2082; x_wconf 84' lang='lat' dir='ltr'>homines</span> <span class='ocrx_word' id='word_1_130' title='bbox 542 2017 718 2080; x_wconf 84' lang='lat' dir='ltr'>luculentos</span> <span class='ocrx_word' id='word_1_131' title='bbox 734 2014 873 2081; x_wconf 83' lang='lat' dir='ltr'><em>reddidit</em></span> <span class='ocrx_word' id='word_1_132' title='bbox 888 2015 989 2080; x_wconf 89' lang='lat' dir='ltr'>Plaut.</span> <span class='ocrx_word' id='word_1_133' title='bbox 1006 2014 1096 2098; x_wconf 83' lang='lat' dir='ltr'>Gapt.</span> <span class='ocrx_word' id='word_1_134' title='bbox 1115 2021 1150 2091; x_wconf 85' lang='lat'>2,</span> <span class='ocrx_word' id='word_1_135' title='bbox 1176 2020 1211 2092; x_wconf 85' lang='lat'>2,</span> <span class='ocrx_word' id='word_1_136' title='bbox 1237 2021 1286 2079; x_wconf 86' lang='grc'>76.</span> <span class='ocrx_word' id='word_1_137' title='bbox 1321 2012 1394 2078; x_wconf 82' lang='grc'>8616</span> 
     </span>
     <span class='ocr_line' id='line_1_16' title="bbox 229 2119 1393 2205; baseline -0.004 -20"><span class='ocrx_word' id='word_1_138' title='bbox 229 2121 348 2204; x_wconf 81' lang='lat' dir='ltr'>jocaris</span> <span class='ocrx_word' id='word_1_139' title='bbox 371 2142 454 2184; x_wconf 87' lang='lat' dir='ltr'>nuno</span> <span class='ocrx_word' id='word_1_140' title='bbox 477 2127 513 2185; x_wconf 91' lang='lat' dir='ltr'>tu</span> <span class='ocrx_word' id='word_1_141' title='bbox 536 2119 626 2187; x_wconf 89' lang='lat' dir='ltr'>Most</span> <span class='ocrx_word' id='word_1_142' title='bbox 652 2126 688 2198; x_wconf 78' lang='lat' dir='ltr'>b,</span> <span class='ocrx_word' id='word_1_143' title='bbox 716 2127 748 2200; x_wconf 90' lang='grc'>1,</span> <span class='ocrx_word' id='word_1_144' title='bbox 774 2126 830 2200; x_wconf 88' lang='grc'>33,</span> <span class='ocrx_word' id='word_1_145' title='bbox 857 2143 950 2205; x_wconf 89' lang='lat' dir='ltr'>spero</span> <span class='ocrx_word' id='word_1_146' title='bbox 973 2123 1109 2186; x_wconf 82' lang='lat' dir='ltr'>serravit</span> <span class='ocrx_word' id='word_1_147' title='bbox 1131 2120 1224 2186; x_wconf 86' lang='lat' dir='ltr'><em>iidem</em></span> <span class='ocrx_word' id='word_1_148' title='bbox 1248 2119 1339 2202; x_wconf 83' lang='lat' dir='ltr'><em>Epid.</em></span> <span class='ocrx_word' id='word_1_149' title='bbox 1369 2123 1393 2194; x_wconf 91' lang='lat'>1,</span> 
     </span>
    </p>
   </div>
   <div class='ocr_carea' id='block_1_3' title="bbox 234 2218 1505 2309">
    <p class='ocr_par' dir='ltr' id='par_1_4' title="bbox 234 2218 1505 2309">
     <span class='ocr_line' id='line_1_17' title="bbox 234 2218 1505 2309; baseline -0.006 -17"><span class='ocrx_word' id='word_1_150' title='bbox 234 2224 269 2305; x_wconf 81' lang='grc'>2,</span> <span class='ocrx_word' id='word_1_151' title='bbox 294 2233 352 2305; x_wconf 89' lang='grc'>21;</span> <span class='ocrx_word' id='word_1_152' title='bbox 374 2225 434 2292; x_wconf 79' lang='lat' dir='ltr'><em>vid.</em></span> <span class='ocrx_word' id='word_1_153' title='bbox 450 2225 570 2291; x_wconf 88' lang='lat' dir='ltr'>Holtze.</span> <span class='ocrx_word' id='word_1_154' title='bbox 586 2226 632 2306; x_wconf 87' lang='lat'>11,</span> <span class='ocrx_word' id='word_1_155' title='bbox 655 2247 706 2309; x_wconf 90' lang='lat' dir='ltr'>pp.</span> <span class='ocrx_word' id='word_1_156' title='bbox 727 2229 789 2289; x_wconf 83' lang='lat'>227</span> <span class='ocrx_word' id='word_1_157' title='bbox 794 2230 900 2290; x_wconf 89' lang='lat'>-232</span> <span class='ocrx_word' id='word_1_158' title='bbox 935 2226 983 2292; x_wconf 87' lang='lat' dir='ltr'>ita</span> <span class='ocrx_word' id='word_1_159' title='bbox 995 2227 1160 2292; x_wconf 80' lang='lat' dir='ltr'>Petronius</span> <span class='ocrx_word' id='word_1_160' title='bbox 1177 2247 1303 2309; x_wconf 88' lang='lat' dir='ltr'>quoque</span> <span class='ocrx_word' id='word_1_161' title='bbox 1320 2218 1394 2287; x_wconf 86' lang='lat' dir='ltr'>non·</span> <span class='ocrx_word' id='word_1_162' title='bbox 1503 2230 1505 2235; x_wconf 83' lang='lat'>&#39;</span> 
     </span>
    </p>
   </div>
   <div class='ocr_carea' id='block_1_4' title="bbox 231 2333 1397 3890">
    <p class='ocr_par' dir='ltr' id='par_1_5' title="bbox 231 2333 1395 3260">
     <span class='ocr_line' id='line_1_18' title="bbox 233 2333 1394 2416; baseline -0.001 -21"><span class='ocrx_word' id='word_1_163' title='bbox 233 2333 321 2398; x_wconf 85' lang='lat' dir='ltr'>nulla</span> <span class='ocrx_word' id='word_1_164' title='bbox 343 2333 508 2397; x_wconf 86' lang='lat' dir='ltr'>enuntiata</span> <span class='ocrx_word' id='word_1_165' title='bbox 529 2333 714 2415; x_wconf 75' lang='lat' dir='ltr'>composuit.</span> <span class='ocrx_word' id='word_1_166' title='bbox 732 2333 770 2396; x_wconf 87' lang='lat' dir='ltr'><em>oi.</em></span> <span class='ocrx_word' id='word_1_167' title='bbox 792 2336 887 2408; x_wconf 82' lang='lat' dir='ltr'>seito,</span> <span class='ocrx_word' id='word_1_168' title='bbox 910 2334 1067 2399; x_wconf 86' lang='lat' dir='ltr'>sociorum</span> <span class='ocrx_word' id='word_1_169' title='bbox 1091 2333 1155 2398; x_wconf 89' lang='lat' dir='ltr'>olla</span> <span class='ocrx_word' id='word_1_170' title='bbox 1178 2334 1258 2397; x_wconf 87' lang='lat' dir='ltr'>mals</span> <span class='ocrx_word' id='word_1_171' title='bbox 1274 2339 1394 2416; x_wconf 78' lang='lat' dir='ltr'>fervet.</span> 
     </span>
     <span class='ocr_line' id='line_1_19' title="bbox 233 2437 1394 2523; baseline -0.002 -21"><span class='ocrx_word' id='word_1_172' title='bbox 233 2454 259 2502; x_wconf 85' lang='grc'>6.</span> <span class='ocrx_word' id='word_1_173' title='bbox 285 2438 341 2514; x_wconf 71' lang='lat' dir='ltr'>aa,</span> <span class='ocrx_word' id='word_1_174' title='bbox 370 2442 507 2501; x_wconf 74' lang='lat' dir='ltr'>credite:</span> <span class='ocrx_word' id='word_1_175' title='bbox 537 2437 762 2523; x_wconf 75' lang='lat' dir='ltr'>anathymiasis</span> <span class='ocrx_word' id='word_1_176' title='bbox 791 2443 816 2503; x_wconf 86' lang='lat' dir='ltr'>it</span> <span class='ocrx_word' id='word_1_177' title='bbox 844 2440 876 2503; x_wconf 91' lang='lat' dir='ltr'><em>iu</em></span> <span class='ocrx_word' id='word_1_178' title='bbox 908 2439 1074 2505; x_wconf 85' lang='lat' dir='ltr'>cerebrum</span> <span class='ocrx_word' id='word_1_179' title='bbox 1103 2447 1135 2504; x_wconf 90' lang='lat' dir='ltr'>et</span> <span class='ocrx_word' id='word_1_180' title='bbox 1154 2444 1255 2522; x_wconf 77' lang='lat' dir='ltr'><em>fucit.</em></span> <span class='ocrx_word' id='word_1_181' title='bbox 1287 2460 1312 2503; x_wconf 87' lang='lat' dir='ltr'>c.</span> <span class='ocrx_word' id='word_1_182' title='bbox 1337 2442 1394 2515; x_wconf 86' lang='grc'>47;</span> 
     </span>
     <span class='ocr_line' id='line_1_20' title="bbox 231 2541 1395 2627; baseline -0.001 -21"><span class='ocrx_word' id='word_1_183' title='bbox 231 2564 327 2625; x_wconf 77' lang='lat' dir='ltr'>spero</span> <span class='ocrx_word' id='word_1_184' title='bbox 350 2548 491 2607; x_wconf 80' lang='lat' dir='ltr'>ventrem</span> <span class='ocrx_word' id='word_1_185' title='bbox 513 2541 667 2626; x_wconf 84' lang='lat' dir='ltr'>pudorem</span> <span class='ocrx_word' id='word_1_186' title='bbox 691 2543 751 2609; x_wconf 90' lang='lat' dir='ltr'><em>sibi</em></span> <span class='ocrx_word' id='word_1_187' title='bbox 773 2548 916 2627; x_wconf 76' lang='lat' dir='ltr'>imponet</span> <span class='ocrx_word' id='word_1_188' title='bbox 936 2552 986 2623; x_wconf 93' lang='grc'>47,</span> <span class='ocrx_word' id='word_1_189' title='bbox 1009 2567 1102 2627; x_wconf 82' lang='lat' dir='ltr'>spero</span> <span class='ocrx_word' id='word_1_190' title='bbox 1125 2550 1172 2609; x_wconf 80' lang='lat' dir='ltr'>aie</span> <span class='ocrx_word' id='word_1_191' title='bbox 1194 2550 1322 2607; x_wconf 85' lang='lat' dir='ltr'>moriar</span> <span class='ocrx_word' id='word_1_192' title='bbox 1345 2546 1395 2606; x_wconf 82' lang='grc'>57.</span> 
     </span>
     <span class='ocr_line' id='line_1_21' title="bbox 234 2646 1394 2735; baseline 0 -25"><span class='ocrx_word' id='word_1_193' title='bbox 234 2646 310 2711; x_wconf 85' lang='lat' dir='ltr'><em>Aliis</em></span> <span class='ocrx_word' id='word_1_194' title='bbox 341 2653 446 2713; x_wconf 84' lang='lat' dir='ltr'>autem</span> <span class='ocrx_word' id='word_1_195' title='bbox 476 2648 553 2713; x_wconf 87' lang='lat' dir='ltr'>loeis</span> <span class='ocrx_word' id='word_1_196' title='bbox 576 2646 742 2715; x_wconf 82' lang='lat' dir='ltr'>Petronius</span> <span class='ocrx_word' id='word_1_197' title='bbox 771 2650 850 2717; x_wconf 83' lang='lat' dir='ltr'>haee</span> <span class='ocrx_word' id='word_1_198' title='bbox 878 2650 975 2716; x_wconf 88' lang='lat' dir='ltr'>verba</span> <span class='ocrx_word' id='word_1_199' title='bbox 997 2674 1068 2719; x_wconf 83' lang='lat' dir='ltr'>oum</span> <span class='ocrx_word' id='word_1_200' title='bbox 1097 2652 1257 2735; x_wconf 86' lang='lat' dir='ltr'>particula</span> <span class='ocrx_word' id='word_1_201' title='bbox 1285 2647 1394 2731; x_wconf 86' lang='lat' dir='ltr'>quod</span> 
     </span>
     <span class='ocr_line' id='line_1_22' title="bbox 233 2752 1394 2839; baseline 0.001 -24"><span class='ocrx_word' id='word_1_202' title='bbox 233 2753 401 2836; x_wconf 84' lang='lat' dir='ltr'>componit,</span> <span class='ocrx_word' id='word_1_203' title='bbox 425 2752 464 2815; x_wconf 85' lang='lat' dir='ltr'><em>oi.</em></span> <span class='ocrx_word' id='word_1_204' title='bbox 487 2753 671 2837; x_wconf 79' lang='lat' dir='ltr'>eubolsneie</span> <span class='ocrx_word' id='word_1_205' title='bbox 694 2759 783 2836; x_wconf 85' lang='lat' dir='ltr'>quod</span> <span class='ocrx_word' id='word_1_206' title='bbox 801 2764 861 2835; x_wconf 77' lang='lat'>45,</span> <span class='ocrx_word' id='word_1_207' title='bbox 884 2759 956 2820; x_wconf 69' lang='lat' dir='ltr'><em>dibi</em></span> <span class='ocrx_word' id='word_1_208' title='bbox 975 2760 1064 2839; x_wconf 83' lang='lat' dir='ltr'>quod</span> <span class='ocrx_word' id='word_1_209' title='bbox 1079 2764 1136 2837; x_wconf 91' lang='grc'>46,</span> <span class='ocrx_word' id='word_1_210' title='bbox 1158 2761 1223 2821; x_wconf 78' lang='lat' dir='ltr'>aeis</span> <span class='ocrx_word' id='word_1_211' title='bbox 1243 2758 1329 2839; x_wconf 86' lang='lat' dir='ltr'>quod</span> <span class='ocrx_word' id='word_1_212' title='bbox 1345 2759 1394 2829; x_wconf 90' lang='grc'>71,</span> 
     </span>
     <span class='ocr_line' id='line_1_23' title="bbox 234 2856 1393 2943; baseline 0.001 -21"><span class='ocrx_word' id='word_1_213' title='bbox 234 2863 334 2937; x_wconf 82' lang='lat' dir='ltr'>vides,</span> <span class='ocrx_word' id='word_1_214' title='bbox 366 2859 454 2941; x_wconf 80' lang='lat' dir='ltr'>quod</span> <span class='ocrx_word' id='word_1_215' title='bbox 480 2863 534 2935; x_wconf 83' lang='lat'>13,</span> <span class='ocrx_word' id='word_1_216' title='bbox 564 2881 656 2941; x_wconf 83' lang='lat' dir='ltr'>quern</span> <span class='ocrx_word' id='word_1_217' title='bbox 688 2881 779 2924; x_wconf 88' lang='lat' dir='ltr'>usum</span> <span class='ocrx_word' id='word_1_218' title='bbox 802 2863 972 2943; x_wconf 78' lang='lat' dir='ltr'>scriptores</span> <span class='ocrx_word' id='word_1_219' title='bbox 999 2856 1136 2927; x_wconf 81' lang='lat' dir='ltr'><em>Africani</em></span> <span class='ocrx_word' id='word_1_220' title='bbox 1160 2862 1250 2926; x_wconf 81' lang='lat' dir='ltr'>vaide</span> <span class='ocrx_word' id='word_1_221' title='bbox 1273 2871 1393 2928; x_wconf 89' lang='lat' dir='ltr'>amant.</span> 
     </span>
     <span class='ocr_line' id='line_1_24' title="bbox 233 2962 1394 3050; baseline 0.003 -23"><span class='ocrx_word' id='word_1_222' title='bbox 233 2964 270 3028; x_wconf 84' lang='lat' dir='ltr'>ei.</span> <span class='ocrx_word' id='word_1_223' title='bbox 301 2964 388 3028; x_wconf 80' lang='lat' dir='ltr'>scitis</span> <span class='ocrx_word' id='word_1_224' title='bbox 417 2963 504 3047; x_wconf 83' lang='lat' dir='ltr'>qnod</span> <span class='ocrx_word' id='word_1_225' title='bbox 535 2962 577 3028; x_wconf 88' lang='lat' dir='ltr'>sit</span> <span class='ocrx_word' id='word_1_226' title='bbox 608 2964 697 3047; x_wconf 85' lang='lat' dir='ltr'>Apul.</span> <span class='ocrx_word' id='word_1_227' title='bbox 730 2965 771 3029; x_wconf 90' lang='lat' dir='ltr'>M.</span> <span class='ocrx_word' id='word_1_228' title='bbox 785 2970 833 3043; x_wconf 90' lang='grc'>6,</span> <span class='ocrx_word' id='word_1_229' title='bbox 867 2971 945 3043; x_wconf 86' lang='grc'>425;</span> <span class='ocrx_word' id='word_1_230' title='bbox 984 2968 1269 3032; x_wconf 80' lang='lat' dir='ltr'>animadverteram</span> <span class='ocrx_word' id='word_1_231' title='bbox 1307 2968 1394 3050; x_wconf 90' lang='lat' dir='ltr'>quod</span> 
     </span>
     <span class='ocr_line' id='line_1_25' title="bbox 233 3069 1393 3156; baseline 0.003 -22"><span class='ocrx_word' id='word_1_232' title='bbox 233 3080 330 3134; x_wconf 79' lang='lat' dir='ltr'>essem</span> <span class='ocrx_word' id='word_1_233' title='bbox 362 3069 438 3134; x_wconf 90' lang='lat' dir='ltr'><em>ibid.</em></span> <span class='ocrx_word' id='word_1_234' title='bbox 472 3077 506 3147; x_wconf 90' lang='grc'>4,</span> <span class='ocrx_word' id='word_1_235' title='bbox 539 3073 620 3148; x_wconf 87' lang='grc'>246;</span> <span class='ocrx_word' id='word_1_236' title='bbox 656 3071 817 3135; x_wconf 80' lang='lat' dir='ltr'>nuntiaret</span> <span class='ocrx_word' id='word_1_237' title='bbox 848 3072 934 3154; x_wconf 88' lang='lat' dir='ltr'>quod</span> <span class='ocrx_word' id='word_1_238' title='bbox 968 3078 1022 3150; x_wconf 88' lang='grc'>10,</span> <span class='ocrx_word' id='word_1_239' title='bbox 1054 3077 1072 3134; x_wconf 90' lang='grc'>7</span> <span class='ocrx_word' id='word_1_240' title='bbox 1077 3077 1133 3151; x_wconf 87' lang='grc'>24;</span> <span class='ocrx_word' id='word_1_241' title='bbox 1168 3072 1275 3138; x_wconf 84' lang='lat' dir='ltr'>dicens</span> <span class='ocrx_word' id='word_1_242' title='bbox 1307 3073 1393 3156; x_wconf 91' lang='lat' dir='ltr'>qnod</span> 
     </span>
     <span class='ocr_line' id='line_1_26' title="bbox 233 3173 1394 3260; baseline 0.003 -22"><span class='ocrx_word' id='word_1_243' title='bbox 233 3175 361 3240; x_wconf 84' lang='lat' dir='ltr'>Tertull.</span> <span class='ocrx_word' id='word_1_244' title='bbox 385 3173 453 3238; x_wconf 84' lang='lat' dir='ltr'>adv.</span> <span class='ocrx_word' id='word_1_245' title='bbox 476 3175 548 3239; x_wconf 86' lang='lat' dir='ltr'>Jud.</span> <span class='ocrx_word' id='word_1_246' title='bbox 574 3179 592 3238; x_wconf 80' lang='lat'><strong>3</strong></span> <span class='ocrx_word' id='word_1_247' title='bbox 615 3182 682 3254; x_wconf 83' lang='grc'>616,</span> <span class='ocrx_word' id='word_1_248' title='bbox 707 3177 765 3241; x_wconf 83' lang='lat' dir='ltr'><em>vid.</em></span> <span class='ocrx_word' id='word_1_249' title='bbox 791 3175 996 3243; x_wconf 76' lang='lat' dir='ltr'>Hildebrand</span> <span class='ocrx_word' id='word_1_250' title='bbox 1020 3177 1069 3242; x_wconf 86' lang='lat' dir='ltr'>ad.</span> <span class='ocrx_word' id='word_1_251' title='bbox 1089 3178 1178 3260; x_wconf 75' lang='lat' dir='ltr'>Apul.</span> <span class='ocrx_word' id='word_1_252' title='bbox 1195 3177 1235 3241; x_wconf 86' lang='grc' dir='ltr'>Μ,</span> <span class='ocrx_word' id='word_1_253' title='bbox 1261 3183 1296 3258; x_wconf 90' lang='grc'>6,</span> <span class='ocrx_word' id='word_1_254' title='bbox 1322 3185 1394 3243; x_wconf 85' lang='grc'>425.</span> 
     </span>
    </p>

    <p class='ocr_par' dir='ltr' id='par_1_6' title="bbox 232 3279 1397 3890">
     <span class='ocr_line' id='line_1_27' title="bbox 337 3279 1393 3365; baseline 0.003 -22"><span class='ocrx_word' id='word_1_255' title='bbox 337 3279 373 3344; x_wconf 85' lang='grc'>16</span> <span class='ocrx_word' id='word_1_256' title='bbox 403 3280 612 3345; x_wconf 81' lang='lat' dir='ltr'><em>infinitivi</em></span> <span class='ocrx_word' id='word_1_257' title='bbox 643 3303 700 3346; x_wconf 91' lang='lat' dir='ltr'>usu</span> <span class='ocrx_word' id='word_1_258' title='bbox 724 3283 812 3365; x_wconf 89' lang='lat' dir='ltr'>opud</span> <span class='ocrx_word' id='word_1_259' title='bbox 834 3283 1016 3348; x_wconf 90' lang='lat' dir='ltr'>Petronium</span> <span class='ocrx_word' id='word_1_260' title='bbox 1046 3282 1124 3348; x_wconf 88' lang='lat' dir='ltr'><em>nihil</em></span> <span class='ocrx_word' id='word_1_261' title='bbox 1154 3284 1327 3363; x_wconf 81' lang='lat' dir='ltr'>invenitur,</span> <span class='ocrx_word' id='word_1_262' title='bbox 1361 3285 1393 3347; x_wconf 94' lang='lat' dir='ltr'>in</span> 
     </span>
     <span class='ocr_line' id='line_1_28' title="bbox 232 3384 1394 3469; baseline 0.003 -19"><span class='ocrx_word' id='word_1_263' title='bbox 232 3404 295 3467; x_wconf 86' lang='lat' dir='ltr'>quo</span> <span class='ocrx_word' id='word_1_264' title='bbox 319 3384 531 3464; x_wconf 83' lang='lat' dir='ltr'>offendamus,</span> <span class='ocrx_word' id='word_1_265' title='bbox 562 3386 620 3450; x_wconf 88' lang='lat' dir='ltr'><em>nisi</em></span> <span class='ocrx_word' id='word_1_266' title='bbox 642 3386 738 3464; x_wconf 88' lang='lat' dir='ltr'>illud,</span> <span class='ocrx_word' id='word_1_267' title='bbox 770 3389 855 3469; x_wconf 91' lang='lat' dir='ltr'>quod</span> <span class='ocrx_word' id='word_1_268' title='bbox 885 3390 912 3454; x_wconf 88' lang='lat' dir='ltr'>is</span> <span class='ocrx_word' id='word_1_269' title='bbox 937 3389 1125 3454; x_wconf 83' lang='lat' dir='ltr'>substantivi</span> <span class='ocrx_word' id='word_1_270' title='bbox 1156 3391 1281 3455; x_wconf 88' lang='lat' dir='ltr'>ratione</span> <span class='ocrx_word' id='word_1_271' title='bbox 1304 3411 1394 3454; x_wconf 87' lang='lat' dir='ltr'>usnr·</span> 
     </span>
     <span class='ocr_line' id='line_1_29' title="bbox 232 3491 1394 3577; baseline 0.002 -23"><span class='ocrx_word' id='word_1_272' title='bbox 232 3497 328 3573; x_wconf 79' lang='lat' dir='ltr'>patur</span> <span class='ocrx_word' id='word_1_273' title='bbox 358 3491 395 3555; x_wconf 87' lang='grc'>61.</span> <span class='ocrx_word' id='word_1_274' title='bbox 419 3513 444 3555; x_wconf 89' lang='grc'>6.</span> <span class='ocrx_word' id='word_1_275' title='bbox 469 3496 525 3556; x_wconf 79' lang='lat'>52:</span> <span class='ocrx_word' id='word_1_276' title='bbox 551 3512 656 3555; x_wconf 84' lang='lat' dir='ltr'>rneum</span> <span class='ocrx_word' id='word_1_277' title='bbox 681 3497 867 3576; x_wconf 77' lang='lat' dir='ltr'>inteliipere.</span> <span class='ocrx_word' id='word_1_278' title='bbox 914 3494 1217 3571; x_wconf 85' lang='lat' dir='ltr'>Quaeaonsuetudo</span> <span class='ocrx_word' id='word_1_279' title='bbox 1241 3515 1394 3577; x_wconf 81' lang='lat' dir='ltr'>agenore</span> 
     </span>
     <span class='ocr_line' id='line_1_30' title="bbox 233 3596 1393 3680; baseline 0.001 -20"><span class='ocrx_word' id='word_1_280' title='bbox 233 3598 416 3680; x_wconf 86' lang='lat' dir='ltr'>quotidiano</span> <span class='ocrx_word' id='word_1_281' title='bbox 445 3620 506 3664; x_wconf 91' lang='lat' dir='ltr'>non</span> <span class='ocrx_word' id='word_1_282' title='bbox 530 3598 633 3662; x_wconf 85' lang='lat' dir='ltr'>alisna</span> <span class='ocrx_word' id='word_1_283' title='bbox 655 3596 779 3661; x_wconf 83' lang='lat' dir='ltr'>videtur</span> <span class='ocrx_word' id='word_1_284' title='bbox 801 3597 913 3677; x_wconf 83' lang='lat' dir='ltr'>inisse3</span> <span class='ocrx_word' id='word_1_285' title='bbox 944 3599 982 3664; x_wconf 85' lang='lat' dir='ltr'>of.</span> <span class='ocrx_word' id='word_1_286' title='bbox 1014 3606 1155 3665; x_wconf 87' lang='lat' dir='ltr'>nostrum</span> <span class='ocrx_word' id='word_1_287' title='bbox 1185 3599 1287 3662; x_wconf 84' lang='lat' dir='ltr'>vivere</span> <span class='ocrx_word' id='word_1_288' title='bbox 1310 3599 1393 3663; x_wconf 88' lang='lat' dir='ltr'>Pers.</span> 
     </span>
     <span class='ocr_line' id='line_1_31' title="bbox 233 3701 1394 3786; baseline 0 -20"><span class='ocrx_word' id='word_1_289' title='bbox 233 3709 290 3766; x_wconf 82' lang='lat' dir='ltr'>sat</span> <span class='ocrx_word' id='word_1_290' title='bbox 312 3709 336 3780; x_wconf 89' lang='grc'>1,</span> <span class='ocrx_word' id='word_1_291' title='bbox 360 3708 397 3780; x_wconf 81' lang='grc'>6,</span> <span class='ocrx_word' id='word_1_292' title='bbox 420 3724 484 3786; x_wconf 90' lang='lat' dir='ltr'>qno</span> <span class='ocrx_word' id='word_1_293' title='bbox 506 3702 525 3768; x_wconf 89' lang='lat' dir='ltr'>l.</span> <span class='ocrx_word' id='word_1_294' title='bbox 549 3726 574 3767; x_wconf 85' lang='lat' dir='ltr'>v.</span> <span class='ocrx_word' id='word_1_295' title='bbox 590 3701 757 3780; x_wconf 78' lang='lat' dir='ltr'>Jahuium3</span> <span class='ocrx_word' id='word_1_296' title='bbox 779 3703 859 3769; x_wconf 89' lang='lat' dir='ltr'>seire</span> <span class='ocrx_word' id='word_1_297' title='bbox 882 3711 971 3769; x_wconf 88' lang='lat' dir='ltr'>tuum</span> <span class='ocrx_word' id='word_1_298' title='bbox 993 3704 1068 3770; x_wconf 88' lang='lat' dir='ltr'><em>ibid.</em></span> <span class='ocrx_word' id='word_1_299' title='bbox 1086 3709 1142 3781; x_wconf 91' lang='grc'>27,</span> <span class='ocrx_word' id='word_1_300' title='bbox 1166 3703 1268 3767; x_wconf 87' lang='lat' dir='ltr'>ridere</span> <span class='ocrx_word' id='word_1_301' title='bbox 1290 3724 1394 3768; x_wconf 83' lang='lat' dir='ltr'>meum</span> 
     </span>
     <span class='ocr_line' id='line_1_32' title="bbox 232 3806 1397 3890; baseline 0.001 -19"><span class='ocrx_word' id='word_1_302' title='bbox 232 3806 307 3872; x_wconf 91' lang='lat' dir='ltr'><em>ibid.</em></span> <span class='ocrx_word' id='word_1_303' title='bbox 335 3813 406 3887; x_wconf 88' lang='lat'>122,</span> <span class='ocrx_word' id='word_1_304' title='bbox 437 3810 514 3875; x_wconf 82' lang='lat' dir='ltr'>velle</span> <span class='ocrx_word' id='word_1_305' title='bbox 536 3829 627 3874; x_wconf 90' lang='lat' dir='ltr'>suum</span> <span class='ocrx_word' id='word_1_306' title='bbox 660 3813 695 3886; x_wconf 87' lang='lat'>3,</span> <span class='ocrx_word' id='word_1_307' title='bbox 719 3812 770 3873; x_wconf 87' lang='grc'>53.</span> <span class='ocrx_word' id='word_1_308' title='bbox 823 3810 928 3890; x_wconf 80' lang='lat' dir='ltr'>Atque</span> <span class='ocrx_word' id='word_1_309' title='bbox 957 3811 988 3873; x_wconf 90' lang='lat' dir='ltr'>in</span> <span class='ocrx_word' id='word_1_310' title='bbox 1019 3811 1112 3875; x_wconf 88' lang='lat' dir='ltr'><em>medii</em></span> <span class='ocrx_word' id='word_1_311' title='bbox 1145 3813 1213 3876; x_wconf 85' lang='lat' dir='ltr'>aevi</span> <span class='ocrx_word' id='word_1_312' title='bbox 1234 3810 1397 3875; x_wconf 81' lang='lat' dir='ltr'>latinitate·</span> 
     </span>
    </p>
   </div>
   <div class='ocr_carea' id='block_1_5' title="bbox 232 3966 1392 4221">
    <p class='ocr_par' dir='ltr' id='par_1_7' title="bbox 232 3966 1392 4221">
     <span class='ocr_line' id='line_1_33' title="bbox 300 3966 1388 4038; baseline 0.003 -18"><span class='ocrx_word' id='word_1_313' title='bbox 300 3990 304 3999; x_wconf 93' lang='lat'>·</span> <span class='ocrx_word' id='word_1_314' title='bbox 337 3970 359 4033; x_wconf 71' lang='lat' dir='ltr'>‘t</span> <span class='ocrx_word' id='word_1_315' title='bbox 380 3967 513 4035; x_wconf 82' lang='lat' dir='ltr'>Persaepe</span> <span class='ocrx_word' id='word_1_316' title='bbox 534 3970 559 4019; x_wconf 88' lang='lat' dir='ltr'>in</span> <span class='ocrx_word' id='word_1_317' title='bbox 579 3979 702 4020; x_wconf 89' lang='lat' dir='ltr'>sermone</span> <span class='ocrx_word' id='word_1_318' title='bbox 718 3966 825 4033; x_wconf 79' lang='lat' dir='ltr'>vulgari</span> <span class='ocrx_word' id='word_1_319' title='bbox 837 3968 992 4035; x_wconf 78' lang='lat' dir='ltr'>conjunctio</span> <span class='ocrx_word' id='word_1_320' title='bbox 1010 3969 1035 4021; x_wconf 73' lang='lat' dir='ltr'>ei</span> <span class='ocrx_word' id='word_1_321' title='bbox 1054 3970 1256 4038; x_wconf 77' lang='lat' dir='ltr'>proportionis</span> <span class='ocrx_word' id='word_1_322' title='bbox 1274 3971 1388 4023; x_wconf 80' lang='lat' dir='ltr'>interro-</span> 
     </span>
     <span class='ocr_line' id='line_1_34' title="bbox 232 4054 1392 4126; baseline 0 -15"><span class='ocrx_word' id='word_1_323' title='bbox 232 4057 323 4123; x_wconf 64' lang='lat' dir='ltr'><em>gniva</em></span> <span class='ocrx_word' id='word_1_324' title='bbox 341 4062 494 4126; x_wconf 79' lang='lat' dir='ltr'>usurpetur,</span> <span class='ocrx_word' id='word_1_325' title='bbox 513 4058 545 4109; x_wconf 86' lang='lat' dir='ltr'><em>ui.</em></span> <span class='ocrx_word' id='word_1_326' title='bbox 565 4054 813 4124; x_wconf 80' lang='lat' dir='ltr'>antiquissimorum</span> <span class='ocrx_word' id='word_1_327' title='bbox 829 4056 992 4125; x_wconf 81' lang='lat' dir='ltr'>scriptorum</span> <span class='ocrx_word' id='word_1_328' title='bbox 1013 4074 1090 4110; x_wconf 80' lang='lat' dir='ltr'>risum</span> <span class='ocrx_word' id='word_1_329' title='bbox 1111 4061 1182 4126; x_wconf 78' lang='lat' dir='ltr'>epod</span> <span class='ocrx_word' id='word_1_330' title='bbox 1205 4059 1340 4115; x_wconf 75' lang='lat' dir='ltr'><em>tioitziiun</em></span> <span class='ocrx_word' id='word_1_331' title='bbox 1361 4060 1392 4119; x_wconf 83' lang='lat' dir='ltr'>n,</span> 
     </span>
     <span class='ocr_line' id='line_1_35' title="bbox 232 4141 1147 4221; baseline -0.001 -19"><span class='ocrx_word' id='word_1_332' title='bbox 232 4165 260 4221; x_wconf 75' lang='lat' dir='ltr'>p.</span> <span class='ocrx_word' id='word_1_333' title='bbox 282 4147 495 4215; x_wconf 53' lang='grc'>1661616666</span> <span class='ocrx_word' id='word_1_334' title='bbox 514 4146 647 4219; x_wconf 75' lang='lat' dir='ltr'>vulgatae</span> <span class='ocrx_word' id='word_1_335' title='bbox 664 4158 710 4219; x_wconf 78' lang='lat' dir='ltr'>sp·</span> <span class='ocrx_word' id='word_1_336' title='bbox 730 4141 914 4206; x_wconf 76' lang='lat' dir='ltr'>Roenschium</span> <span class='ocrx_word' id='word_1_337' title='bbox 932 4163 978 4219; x_wconf 86' lang='lat' dir='ltr'>pp.</span> <span class='ocrx_word' id='word_1_338' title='bbox 998 4148 1066 4219; x_wconf 79' lang='lat'>403,</span> <span class='ocrx_word' id='word_1_339' title='bbox 1085 4148 1147 4205; x_wconf 80' lang='grc'>404.</span> 
     </span>
    </p>
   </div>
   <div class='ocr_carea' id='block_1_6' title="bbox 0 0 1534 4684">
    <p class='ocr_par' dir='ltr' id='par_1_8' title="bbox 0 0 1534 4684">
     <span class='ocr_line' id='line_1_36' title="bbox 0 0 1534 4684; baseline 0 0"><span class='ocrx_word' id='word_1_340' title='bbox 0 0 1534 4684; x_wconf 95' lang='lat' dir='ltr'> </span> 
     </span>
    </p>
   </div>
  </div>
 </body>
</html>
