3059 4684
730 393 780 460 24

69 652 71 655 .
173 587 319 671 sufficiat,
330 609 423 655 nosse
433 611 482 655 me
496 588 677 659 »cubitum«
692 600 725 658 51
739 591 888 660 »cubita«
901 591 1038 656 neutrali
1050 591 1204 675 appellari
1217 614 1338 676 genere,

174 696 229 762 sed
259 717 317 779 pro
346 696 549 779 simplicitate
578 705 610 765 et
639 700 790 765 felicitate
819 698 1045 779 intelligentiae
1080 697 1229 780 vulgique
1266 720 1339 764 con·

174 802 340 868 suetudine
365 824 484 890 ponere
505 804 693 884 masculino;
724 826 751 869 v.
774 804 942 870 Fuchsium
965 804 1014 869 in:
1048 801 1247 869 »Verbandll
1282 803 1339 867 der

174 907 358 992 Philologen
385 914 487 975 1844«
511 931 541 991 p.
565 916 617 975 47.
663 910 767 992 Atque
789 908 1052 986 Fortunatianus‚
1080 909 1136 992 qui
1160 908 1267 973 seculo
1292 908 1335 971 V·

172 1015 268 1090 vixit,
298 1022 408 1081 narrat
432 1015 590 1082 Romanos
610 1015 667 1080 illo
689 1022 834 1099 tempore
859 1017 982 1080 »hunc«
1008 1015 1187 1094 theatrum,
1212 1014 1336 1078 »huno«

173 1121 353 1203 prodigium
377 1121 499 1187 dixisse.
546 1122 657 1204 ltaque
680 1125 799 1206 optime
814 1121 996 1198 Petronius,
1019 1141 1117 1202 quum
1141 1120 1244 1202 plebis
1266 1142 1338 1184 con-

173 1226 370 1290 suetudinem
392 1227 587 1308 imitaretur,
618 1228 702 1292 illius
733 1212 855 1310 generis
881 1226 1000 1291 formas
1022 1245 1062 1289 ex
1084 1227 1266 1293 nuseium
1290 1249 1337 1291 rc

174 1332 273 1414 oepit:
297 1333 543 1398 eihamense
574 1338 632 1411 41,
663 1334 884 1396 candelabrus
913 1335 971 1409 75,
1001 1335 1109 1394 coelas
1135 1336 1175 1396 89
1206 1332 1264 1412 bis,
1288 1338 1338 1408 45,

167 1442 270 1520 satus
286 1444 345 1517 42,
370 1444 427 1516 71,
451 1444 508 1516 77,
525 1443 693 1521 fericulus
710 1440 766 1512 89,
791 1441 881 1500 reme
898 1441 955 1516 57,
978 1442 1115 1500 lacunas
1130 1445 1172 1502 47
1189 1437 1338 1518 (Bueche-

172 1543 238 1605 lero
262 1548 420 1621 auctore),
451 1548 640 1623 reticulum,
675 1563 768 1625 quem
793 1546 851 1617 67,
873 1561 972 1605 vastes
997 1546 1054 1619 57,
1077 1547 1172 1606 vinus
1195 1547 1244 1606 41.
1291 1544 1336 1606 Ac

172 1650 282 1714 statim
305 1648 531 1714 5115155111ιω
557 1648 774 1716 declinationis
797 1667 926 1724 nomen,
950 1647 1052 1728 quod,
1075 1667 1174 1730 quum
1195 1648 1335 1729 alioquin

173 1755 215 1820 sit
237 1755 380 1820 neutrius
404 1757 540 1836 generis,
564 1757 650 1840 apud
665 1754 849 1818 Petronium
869 1759 916 1817 est
940 1753 1122 1831 masculini;
1144 1754 1203 1818 rid.
1229 1775 1254 1817 c.
1280 1758 1335 1817 71:

173 1883 274 1924 unum
292 1866 416 1926 lactem.
448 1861 638 1927 Ritscheline
651 1861 796 1944 quidem,
819 1860 874 1942 qui
890 1858 943 1939 (cf.
956 1858 997 1922 M.
1010 1860 1067 1923 Bb.
1079 1858 1152 1938 Vll,
1177 1865 1239 1924 606
1257 1864 1339 1942 sqq.)

173 1988 275 2048 neque
298 1966 506 2033 masculinum
530 1986 628 2048 genus
650 1986 752 2049 neque
775 1966 945 2047 singularis
969 1966 1091 2030 numeri
1112 1966 1246 2032 formam
1273 1965 1337 2027 »la-

173 2080 275 2139 ntem«
292 2074 444 2157 agnoscit,
468 2074 589 2137 »laete«
607 2073 727 2138 mavult
749 2073 993 2157 prodentem«,
1017 2093 1099 2155 quae
1120 2078 1168 2137 est
1183 2069 1337 2135 librorum

172 2180 281 2245 forma
327 2177 388 2243 Sed
411 2179 479 2245 cod.
503 2179 641 2243 Florent.
665 2162 779 2262 Apulei
808 2179 946 2263 optimus
968 2179 1093 2245 duobus
1115 2178 1194 2245 locis
1216 2199 1246 2261 p.
1275 2181 1336 2239 584

174 2291 206 2348 51
228 2306 257 2367 p.
283 2289 345 2348 585
372 2283 526 2349 »lactem«
539 2284 691 2368 praebet,
720 2306 803 2368 qnae
828 2284 924 2351 lectio
947 2284 1078 2352 vetustis
1101 2284 1262 2368 glossariis
1285 2285 1336 2349 fir·

175 2397 286 2455 matur.
311 2391 349 2453 cf.
373 2411 419 2469 eu,
449 2413 531 2473 qnae
555 2391 746 2457 Ritschelius
776 2392 809 2456 in
832 2391 1058 2483 opuscc.3phil.
1081 2389 1119 2466 11,
1149 2415 1179 2475 p.
1204 2391 1337 2456 5781111

173 2494 380 2577 disputationi
413 2495 536 2580 adjecit
598 2500 766 2564 manum«
804 2498 941 2581 denique
973 2483 1109 2564 lormam
1142 2496 1338 2561 Roenscbius

173 2623 302 2684 quoque
323 2603 366 2684 (p.
390 2605 467 2686 267)
483 2623 528 2667 'ex
550 2603 632 2669 Cael.
656 2607 731 2669 Aur.
754 2603 867 2669 Obron.
891 2610 920 2682 4,
945 2610 973 2683 3,
998 2610 1039 2669 56
1063 2605 1181 2670 attulit.
1215 2641 1257 2651 -—
1293 2603 1337 2663 De

172 2707 211 2773 iis
233 2705 421 2789 nominibus,
444 2732 525 2792 quae
548 2734 587 2778 ex
610 2732 723 2791 genere
746 2717 859 2775 neutro
881 2710 912 2773 in
936 2709 1119 2774 femininum
1141 2709 1337 2776 transierunt

173 2814 233 2879 rid.
257 2837 285 2897 p.
313 2818 360 2879 19.

278 2918 422 2987 Neutrali
444 2942 517 2985 vero
540 2923 706 2988 Petronius
739 2922 864 3009 generid
893 2943 996 3006 pauca
1026 2922 1141 2989 tribuit
1172 2923 1335 2999 vocabula,

174 3045 256 3107 quae
279 3024 419 3107 alioquin
443 3048 461 3092 e
483 3048 597 3108 genere
612 3031 785 3096 masculino
800 3039 882 3095 sunt
907 3031 944 3094 cl.
966 3032 1053 3095 libra
1076 3052 1104 3112 p.
1121 3032 1220 3093 libros
1243 3052 1268 3097 c.
1286 3035 1335 3092 46.

172 3135 287 3193 peroro
310 3151 340 3213 p.
363 3154 479 3197 nereos
503 3141 552 3199 45.
583 3138 771 3200 thesaurum
794 3159 824 3219 p.
841 3174 881 3185 --
902 3158 941 3200 aa
964 3156 990 3200 o.
1006 3141 1067 3214 46,
1089 3157 1184 3218 quam
1201 3137 1334 3202 formam

173 3236 267 3301 etiam
290 3235 511 3303 Paulus'Fest.
536 3246 565 3316 8,
592 3245 638 3319 14,
666 3240 805 3317 adhibet,
829 3264 848 3305 a
870 3264 934 3325 quo
957 3241 1132 3309 masculina
1154 3243 1280 3324 saepius
1303 3243 1333 3305 in

171 3347 286 3404 neutra
318 3364 386 3437 esse
414 3352 539 3409 mutata
559 3343 730 3412 Muellerus
753 3349 803 3414 ad.
827 3372 856 3432 p.
880 3354 941 3416 811
974 3349 1115 3414 adnotat
1163 3346 1203 3410 Et
1234 3348 1336 3414 ltslae

171 3446 239 3511 cod.
263 3445 359 3512 Rehd.
383 3450 450 3514 Luc
487 3455 532 3528 12,
558 3456 598 3514 34
626 3453 847 3520 »thesaurum«
872 3456 1099 3522 nominativum
1122 3455 1265 3538 praebet,
1295 3455 1334 3520 ci.

171 3553 321 3620 Boensch.
353 3578 383 3638 p.
410 3561 481 3634 271,
516 3559 571 3640 qui
603 3558 710 3623 multis
743 3561 843 3625 Italae
875 3562 1024 3645 exemplis
1058 3560 1148 3626 illum
1181 3565 1334 3628 sermonis

170 3659 281 3724 rustici
303 3679 394 3725 usum
417 3661 594 3728 illustravit.
631 3700 670 3710 —-
705 3666 829 3734 aceedit
856 3688 1006 3750 scapum
1035 3689 1065 3749 p.
1089 3672 1227 3749 coapata
1248 3668 1331 3734 Petr.

171 3783 196 3827 c.
222 3769 281 3841 59,
305 3765 395 3849 cujus
420 3768 553 3833 nominis
575 3772 665 3853 prior
680 3769 784 3837 forma
801 3773 869 3856 jam
891 3773 923 3837 in
947 3771 1052 3854 prisca
1068 3771 1229 3839 latinitate
1243 3795 1334 3840 usur·

170 3877 248 3951 pata
268 3877 325 3948 551,
349 3870 387 3936 of.
411 3870 480 3938 Cat.
503 3894 553 3958 ap.
577 3874 655 3943 Gell.
682 3880 710 3954 8,
736 3883 762 3953 7,
793 3882 838 3941 19.
885 3876 1009 3940 Lucret.
1035 3877 1057 3954 1,
1081 3883 1153 3943 887.
1177 3884 1248 3944 860.
1273 3888 1332 3945 etc.

169 3992 200 4040 ν,
220 3974 308 4041 Neue
329 3976 353 4055 l,
376 3998 404 4059 p.
434 3983 503 4044 153.
561 3991 564 3998 ’

275 4082 322 4148 115
344 4083 482 4148 Petronii
520 4085 697 4151 nominibus
728 4088 849 4151 neutris
876 4094 1093 4174 marparitum
1125 4100 1157 4156 51
1186 4095 1333 4173 quisqui-

1508 2232 1512 2331 l

1510 2336 1513 2505 l
