3059 4684
334 1384 412 1511 De
433 1466 545 1527 genere
570 1445 712 1528 dicendi,
735 1468 800 1530 quo
822 1447 990 1514 Petronius
1019 1468 1094 1512 usus
1124 1454 1185 1526 est,
1212 1445 1289 1527 quid
1313 1452 1394 1511 esset

226 1553 435 1638 judicandum
451 1574 565 1637 magna
580 1575 618 1619 ex
635 1562 727 1638 parte
745 1558 813 1640 jam
830 1554 982 1621 Studerus
995 1556 1026 1619 in
1044 1554 1274 1638 disputatione,
1297 1577 1393 1640 qnam

231 1660 359 1742 scripsit
388 1658 428 1723 de
458 1664 563 1724 aetate
593 1658 732 1726 Petronii
762 1663 853 1743 (mua
876 1661 973 1726 Rhea.
1005 1683 1033 1724 n.
1057 1659 1086 1723 ll
1115 1681 1143 1742 p.
1178 1662 1218 1722 72
1250 1667 1332 1743 sqq.)
1362 1669 1395 1724 et

235 1762 370 1829 Beckius
392 1760 424 1827 in
445 1766 726 1842 commentatione,
749 1767 839 1849 cujus
856 1767 952 1831 index
972 1772 1035 1831 est:
1060 1767 1135 1829 »the
1158 1785 1216 1846 nge
1238 1766 1273 1829 ol
1286 1762 1395 1830 Petro·

233 1872 304 1935 nius
328 1867 476 1934 Arbiter«
507 1869 573 1934 ucri
603 1871 707 1934 animo
738 1871 960 1954 exquisitaque
992 1871 1140 1936 docmina
1170 1869 1391 1935 disseruerunt.

231 1974 293 2041 Sed
316 1983 422 2040 temen
441 1971 533 2039 nobis
554 1976 705 2041 inanimo
729 1986 793 2056 est,
816 1977 930 2041 iterum
953 1976 1040 2041 illam
1064 1975 1103 2041 de
1124 1997 1271 2041 sermone
1286 1974 1396 2042 Petro-

232 2082 328 2145 niano
351 2081 567 2162 quaestionem
595 2088 810 2164 pertractare,
840 2103 938 2167 quum
967 2081 1014 2146 illi
1037 2081 1096 2146 riri
1119 2081 1206 2147 docti
1229 2103 1332 2165 neque
1353 2083 1395 2148 de

234 2185 494 2268 pronuntiatione
517 2205 619 2269 neque
641 2186 680 2250 de
702 2207 814 2251 vocum
830 2187 1057 2270 compositione
1079 2207 1183 2268 neque
1205 2185 1244 2251 de
1267 2179 1411 2268 quibus

233 2289 305 2354 dem
344 2290 437 2355 rebus
476 2291 661 2376 syntecticis
692 2291 867 2374 quidquem
900 2292 1073 2357 attulerint.
1131 2290 1261 2357 Accedit
1290 2292 1395 2369 etiarn
1517 2332 1519 2335 v

233 2396 319 2476 quod
335 2394 381 2460 illi
397 2397 550 2462 nonnulla
560 2399 686 2462 omuino
699 2419 888 2480 cognoscere
904 2419 966 2462 non
984 2405 1172 2482 potuerunt,
1189 2397 1244 2480 qui
1255 2395 1395 2462 Petronii

233 2506 342 2577 textu,
367 2520 460 2582 quem
475 2508 604 2582 vocant,
627 2504 675 2568 usi
691 2510 766 2568 sunt
781 2525 844 2570 non
857 2505 934 2570 satis
946 2509 1104 2570 correcto:
1125 2510 1252 2567 nostrae
1266 2502 1394 2567 tandem

233 2607 333 2670 aetati
349 2603 381 2669 F.
397 2604 678 2674 Buechelerus
700 2607 869 2677 editionm
885 2608 1024 2677 reddidit
1045 2608 1296 2674 emendatiorem.
1328 2603 1395 2670 Hae

231 2719 304 2775 sunt
336 2732 482 2791 caussae,
500 2712 631 2801 ,quihus
661 2715 740 2781 moti
770 2716 873 2783 denuo
912 2714 1153 2799 disputatiorern
1187 2711 1227 2776 de
1255 2710 1394 2776 Petronii

210 2809 375 2883 'sermons
390 2819 512 2902 vulgari
534 2819 735 2885 instituimus
772 2820 842 2898 Qua
863 2821 895 2885 in
919 2843 954 2885 re
976 2843 1033 2885 nos
1056 2826 1190 2904 apparet
1213 2818 1252 2882 de
1274 2818 1395 2881 rustica

232 2929 357 2988 tentum
386 2923 536 3008 loquendi
563 2925 791 2990 consuetudine
822 2945 889 2990 esse
919 2934 1063 3003 acturos,
1097 2945 1162 3007 qua
1190 2922 1395 3003 Trimalchio,

233 3029 361 3107 Damas,
384 3027 546 3106 Seleucus,
569 3029 723 3108 Phileros,
739 3029 951 3114 Ganymedes,
975 3029 1116 3109 Niceros,
1139 3027 1309 3094 Plocamua
1325 3029 1395 3093 alii-

205 3156 294 3217 ‹que
316 3134 556 3201 Trimalchionis
588 3135 753 3222 conliberti
784 3143 926 3202 utuntur.
979 3136 1054 3219 lpse,
1079 3142 1185 3199 autem
1211 3133 1395 3217 Encolpius,

232 3240 343 3322 quiin
374 3239 559 3305 enarrandis
589 3242 665 3307 latis
697 3262 796 3325 quum
826 3242 905 3307 alias
936 3264 986 3308 res
1015 3248 1082 3308 tum
1113 3239 1195 3305 illud
1222 3241 1394 3306 triclinium

232 3344 382 3411 describit
397 3360 617 3429 sermonesque
633 3368 741 3412 eorum
757 3345 865 3425 affert,
889 3347 945 3431 qni
958 3347 1004 3413 illi
1019 3347 1248 3423 interfuerunt,
1271 3348 1394 3412 urbane

231 3451 381 3533 loquitur.
434 3449 633 3535 Quamquam
662 3453 822 3518 nonnullis
851 3452 929 3519 locis
956 3452 1122 3517 Petronius
1151 3453 1235 3516 hunc
1267 3471 1395 3533 quoque

232 3556 287 3638 qui
310 3555 468 3638 elegantia
489 3559 642 3624 orationis
664 3558 805 3623 imbutus
828 3567 892 3636 est,
924 3556 1116 3623 dictionibus
1137 3556 1267 3640 plebejis
1287 3558 1395 3639 jocose

232 3661 310 3726 fucit
332 3669 489 3739 utentem,
520 3685 599 3747 quas
629 3685 691 3728 nun
714 3665 819 3727 minus
842 3682 937 3746 quarn
962 3663 1146 3728 libertorum
1171 3684 1209 3726 ac
1231 3684 1393 3728 serrorum

233 3768 311 3833 ritis
333 3788 444 3834 censeo
460 3790 527 3834 esse
550 3768 734 3834 afferendas.
770 3767 916 3850 Eumolpi
932 3788 1005 3832 vero
1023 3768 1146 3832 dicendi
1169 3769 1252 3834 ratio
1268 3770 1394 3833 omnino

115 3945 117 3949 ¹
234 3873 388 3939 abhorret
413 3896 431 3939 a
455 3875 670 3959 disputatione
700 3882 825 3952 nostra3
856 3874 882 3936 is
911 3874 993 3936 enim
1014 3869 1084 3969 'uon
1117 3875 1211 3939 modo
1234 3875 1397 3939 sordidum

232 3997 407 4044 sermonem
430 4001 491 4045 non
517 3980 662 4058 adhibet,
692 3980 746 4044 sed
771 3981 864 4043 etiam
888 3978 993 4060 generi
1018 3978 1113 4069 nimie
1133 3979 1219 4043 cleto
1242 3980 1395 4060 indulget.

232 4084 279 4155 cf,
296 4084 469 4161 Bernhard.
492 4086 561 4150 hist.
578 4086 638 4150 litt.
654 4086 725 4150 latt.
740 4107 795 4168 pp.
814 4089 886 4163 612,
910 4086 973 4145 613
998 4083 1059 4165 (ed
1075 4080 1140 4163 lv).
1171 4081 1282 4148 Totius
1298 4085 1396 4165 igitur

1188 4196 1204 4248 1
