3059 4684
782 391 826 461 13

225 589 380 654 sliteree
402 589 488 673 plebi
518 595 567 654 est
597 591 737 675 propria
782 589 914 659 (lomtat
936 588 1018 654 enim
1040 607 1109 653 eam
1132 586 1283 670 liquidam
1307 606 1380 653 eum

226 701 314 759 muta
328 694 436 777 aliqua
454 694 486 757 in
502 693 657 777 principio
672 697 757 761 vocis
773 697 974 780 conjunctam
985 714 1081 777 quum
1094 693 1243 761 Romanis
1257 692 1382 757 omnine

226 799 446 881 permolestum
471 797 578 880 fusse,
615 806 682 864 tum
711 800 762 881 iis,
796 801 851 883 qui
881 819 1021 866 sermone
1047 798 1166 883 rustico
1196 795 1378 863 utebantur.

225 903 295 981 Qua
321 905 416 969 dere
440 901 622 969 Oorssenius
644 903 659 967 1
683 908 741 969 at:
774 905 857 969 »Fer
888 904 939 969 die
960 904 1111 969 lnutliche
1133 901 1236 967 Notus
1258 900 1314 967 des
1337 922 1384 979 r«,

224 1008 343 1093 iuquit,
376 1009 438 1074 »ist
461 1030 496 1074 es
517 1009 600 1073 noch
622 1030 683 1074 son
706 1009 924 1092 Bedeutuug,
941 1009 1013 1075 dass
1035 1028 1068 1073 es
1090 1007 1148 1071 mit
1171 1006 1383 1073 snlautenden

226 1122 333 1178 muten
355 1113 422 1179 sieh
444 1112 534 1178 nicht
556 1117 705 1196 rotega
751 1113 786 1179 ln
803 1115 899 1198 Folge
921 1115 1023 1194 dieser
1037 1111 1224 1194 Abneigung
1246 1112 1329 1177 nieht
1351 1131 1385 1177 es

226 1219 295 1283 sich
325 1239 383 1283 rou
414 1216 519 1284 diesen
543 1216 666 1283 Lauten
696 1239 772 1300 geru
798 1220 901 1284 binter
930 1219 1019 1284 einen
1042 1217 1142 1282 Vocsl
1165 1217 1323 1298 surdelt-3
1345 1217 1384 1282 cl'.

156 1324 164 1335 ‘
227 1321 404 1388 corcodilus
425 1343 483 1406 pro
507 1322 700 1403 crocodilum
725 1326 883 1406 tarpezita
905 1347 963 1408 pro
987 1321 1384 1406 comminuentem

226 1449 256 1511 p.
270 1425 396 1506 Thras.;
419 1426 479 1492 rid.
494 1427 612 1493 Ritscln
629 1426 669 1491 Μ.
685 1428 743 1494 Rb.
760 1428 834 1508 Vll,
856 1452 885 1512 p.
908 1434 989 1508 oto,
1011 1426 1100 1504 Vlll,
1127 1431 1205 1506 150,
1227 1424 1288 1504 lx,
1311 1432 1386 1505 478,

227 1537 291 1596 489
314 1535 454 1616 (opusco.
474 1532 550 1615 phil.
569 1532 614 1612 ll,
637 1537 717 1610 4613
739 1537 820 1611 472,
845 1538 1019 1616 see-41).
1051 1530 1134 1608 Quin
1152 1531 1186 1595 in
1206 1530 1386 1597 rusticitate

226 1638 405 1720 saepissime
439 1637 602 1719 epenthesi
638 1638 757 1702 vocalia
794 1638 1043 1704 molestissimam
1080 1655 1240 1719 quamque
1275 1656 1385 1701 conso-

228 1740 371 1805 nantium
410 1742 668 1824 compositionem
697 1741 903 1834 reddiderunt
933 1742 1136 1819 levissimam
1169 1739 1206 1806 el
1229 1761 1282 1817 ea,
1305 1759 1387 1821 quse

228 1845 479 1912 Schuchardtius
509 1845 538 1910 ll
570 1849 633 1911 994
647 1882 686 1895 -
701 1851 764 1911 435
795 1847 834 1911 de
867 1847 1120 1930 bequentissimo
1144 1840 1326 1928 'epenthesis
1354 1846 1387 1910 in

229 1953 407 2018 rusticitate
430 1972 490 2017 usu
513 1952 631 2016 attulit.
656 1951 763 2016 Pauca
779 1958 903 2017 tantum
926 1951 1071 2035 exempla
1089 1951 1251 2017 delibabo:
1274 1950 1314 2014 cf.
1335 1971 1385 2033 ge·

228 2058 333 2121 resilis
357 2059 436 2121 Anu.
466 2057 551 2123 ereb.
575 2055 814 2139 moerentum.
836 2059 965 2139 (1862),
991 2061 1068 2135 120,
1096 2061 1173 2135 let,
1205 2094 1246 2105 --
1271 2056 1388 2121 ceretio

232 2181 256 2222 e.
283 2160 395 2225 Veron
414 2160 473 2224 Gai
497 2165 554 2237 97,
582 2165 636 2239 14;
658 2160 798 2227 cribrum
819 2183 882 2227 non
906 2162 1055 2228 eiribrum
1079 2160 1196 2227 Plaoid.
1226 2160 1319 2242 gloss.
1345 2158 1388 2223 111

231 2269 310 2344 440;
335 2263 501 2347 seiriptum
532 2264 600 2330 cod.
623 2264 755 2331 Vindob.
780 2265 845 2331 Lis.
875 2271 933 2345 44,
966 2273 1001 2346 53
1031 2266 1198 2332 seiribtum
1228 2286 1253 2328 c.
1284 2262 1386 2327 Vatie.

231 2368 315 2434 Verr.
341 2373 420 2447 498,
452 2374 554 2434 esto.
597 2368 647 2434 Ex
674 2371 736 2435 boe
766 2391 878 2454 genere
899 2370 1125 2437 Petronianum
1148 2390 1275 2453 quoque
1297 2387 1387 2432 roca·

228 2475 337 2538 bulum
359 2476 531 2539 scintillis
553 2483 617 2552 est,
639 2475 725 2557 quod
749 2484 798 2542 ter
819 2477 879 2541 hoc
895 2477 989 2542 modo
1011 2478 1167 2561 scriptum
1189 2475 1306 2558 legitur
1329 2495 1387 2557 pro

228 2582 379 2643 scriblita⁴
397 2598 423 2644 e.
441 2584 497 2658 353
520 2583 562 2642 69
585 2580 641 2658 bis,
665 2614 707 2630 -
723 2602 804 2663 quos
825 2581 911 2646 locos
927 2580 1177 2647 Schuchardtius
1196 2581 1299 2645 neseio
1324 2600 1390 2663 qua

228 2686 267 2748 de
282 2704 394 2750 caussa
408 2684 520 2750 omisit
535 2683 694 2750 Firmatur
706 2692 812 2751 eutem
828 2686 885 2751 illa
895 2685 934 2750 H.
946 2686 1064 2751 codicis
1075 2687 1235 2770 scriptura
1249 2684 1387 2768 ejusdem

229 2790 315 2854 verbi
336 2789 430 2854 simili
452 2789 554 2854 forma
578 2789 783 2871 »seerblita«,
806 2812 889 2873 quae
903 2799 991 2856 extet
1013 2794 1043 2856 in
1059 2800 1124 2857 not
1140 2791 1245 2856 Tiron
1268 2812 1298 2873 p.
1319 2795 1389 2853 176.

231 2895 375 2976 Atquesi
396 2894 521 2958 literam
536 2915 554 2955 r
569 2895 762 2976 sequebatur
784 2905 873 2960 muts
895 2897 926 2958 in
946 2895 1065 2962 rustico
1088 2916 1246 2974 sermone,
1269 2895 1390 2961 vocalis

230 3001 412 3084 epenthesin
436 2998 664 3079 adhibuerunt,
691 3020 766 3083 qua¹
777 3000 951 3067 faciliorem
966 3000 1126 3066 efficerent
1140 2988 1284 3086 loquenti
1291 3042 1295 3049 -·
1307 3022 1391 3066 com-

229 3107 416 3193 positionem
448 3105 559 3169 harum
590 3106 839 3171 consonantium.
891 3105 1082 3190 Namquesi
1112 3108 1204 3171 nimis
1227 3128 1245 3168 r
1267 3106 1390 3188 liquida

229 3211 433 3294 producitur,
455 3210 489 3273 id
504 3209 590 3292 quod
606 3230 645 3274 ex
662 3219 777 3276 natura
791 3212 902 3278 literae
917 3212 1010 3276 facile
1022 3210 1092 3276 fieri
1107 3221 1231 3295 potest,
1254 3213 1390 3279 maxime

229 3321 260 3382 in
284 3316 454 3399 negligenti
476 3316 577 3396 plebis
600 3337 756 3393 sermone,
788 3319 883 3383 etiam
912 3318 1012 3384 invito
1033 3319 1111 3382 levis
1133 3317 1250 3382 vocalis
1273 3316 1391 3380 excidit

229 3426 311 3487 inter
333 3421 600 3503 pronuntiandam
616 3422 770 3503 liquidam
784 3431 817 3487 et
831 3435 1012 3506 sequentem
1035 3432 1174 3489 mutem.
1198 3425 1237 3488 cf.
1262 3423 1389 3486 urebem

230 3550 290 3611 pro
320 3526 431 3592 urbem
464 3547 490 3591 c.
514 3525 735 3591 Vindobsbiv.
769 3536 826 3606 42,
860 3534 918 3605 63;
947 3532 1037 3594 eritis
1067 3551 1126 3612 pro
1157 3531 1236 3594 artis
1259 3548 1285 3590 c.
1309 3528 1392 3591 Flor.

235 3634 300 3712 llig.
327 3637 425 3719 82,1
451 3632 498 3696 ed.
514 3631 672 3709 Momms;
696 3653 774 3715 eryx
796 3655 855 3716 pro
878 3655 935 3697 arx
958 3657 982 3698 o.
1009 3635 1097 3699 vind,
1120 3634 1184 3699 biv.
1207 3640 1267 3711 lb,
1292 3637 1310 3696 2
1334 3644 1392 3697 etc.

235 3758 262 3800 v.
286 3735 418 3802 Schuob.
442 3738 471 3801 ll
495 3746 566 3802 418.
612 3737 779 3802 Petronius
802 3747 907 3802 autern
930 3741 991 3804 hoc
1013 3740 1190 3822 exemplum
1212 3743 1394 3821 usurpavit:

137 3867 147 3881 ·
231 3848 415 3908 coricillum
439 3847 803 3925 procurationem.
838 3845 883 3909 Ao
906 3846 1071 3927 pleneme
1097 3863 1168 3907 cum
1182 3842 1393 3910 Klussmanno

234 3936 410 4041 consentire
427 3944 579 4015 confiteor
603 3951 633 4013 in
651 3952 846 4015 restituendo
871 3953 939 4015 loeo
963 3952 1068 4015 adbuc
1092 3951 1182 4016 valde
1205 3952 1394 4049 perturbato

230 4053 283 4135 (el.
300 4053 455 4136 Philologi
477 4056 537 4120 XX
555 4077 609 4141 pp.
636 4062 713 4135 179,
740 4061 830 4141 180),
854 4079 951 4142 quum
974 4058 1054 4123 bene
1075 4060 1130 4124 ille
1146 4057 1270 4123 Petron.
1295 4080 1319 4119 c.
1345 4054 1395 4121 483
