3059 4684
707 434 754 502 10

97 599 99 603 ’
146 630 259 705 istum,
285 646 500 713 quomens
515 629 640 694 111141
655 581 703 693 ee
718 627 848 705 auce,
865 628 958 711 puae
974 630 1186 711 suumne.
1205 632 1308 698 coss.

147 734 191 809 ll,
219 739 287 798 131.
321 732 440 800 Eadem
464 739 570 799 autem
592 733 678 798 illius
701 734 848 799 voeabuli
871 735 974 802 forma
996 737 1029 802 iu
1052 738 1215 819 glossariis
1237 758 1308 820 per·
1393 735 1399 748 ‘

147 840 279 906 retusus
300 836 467 919 invenitur,
491 841 531 905 ef.
554 837 693 904 oardelle
715 838 806 916 gloss
829 837 1038 922 Saugdleus.;
1061 843 1196 909 oar-delis
1217 845 1307 925 gloss

147 945 269 1031 (ipsill3
298 951 461 1028 praeterea
492 944 531 1008 of.
560 943 700 1008 Olentius
729 940 752 1005 1.
776 942 811 1005 N.
844 948 937 1008 5326.
989 946 1159 1013 Febrarius
1190 955 1250 1012 etc.
1280 970 1306 1010 v.

146 1041 280 1118 Sehubln
304 1049 331 1112 ll
355 1055 427 1113 408.
467 1051 519 1125 >Aa
534 1046 740 1139 Cassiodorus
761 1067 790 1129 p.
812 1051 898 1112 2300
917 1048 948 1112 Ρ.
972 1051 1102 1132 vulgum
1127 1051 1303 1116 »battalia«

146 1170 204 1238 plo
222 1155 416 1221 »battualia«
434 1154 550 1220 dixisse
565 1159 678 1218 auctor
693 1161 749 1218 est
783 1151 947 1219 Postremo
963 1161 1070 1222 autem
1085 1157 1304 1232 Romanenses,

68 1253 71 1258 ’
149 1266 185 1323 ul
208 1259 330 1324 bialum
345 1258 510 1335 tollerent,
533 1257 769 1341 oompositionis
787 1279 850 1337 ua,
874 1280 914 1321 ue
929 1264 990 1324 eto.
1004 1280 1101 1344 saepe
1122 1284 1145 1324 u
1167 1262 1306 1326 ruealmu

147 1362 313 1440 eliserunl3
338 1362 376 1425 oi.
400 1362 572 1428 battualia:
603 1362 640 1427 ll.
663 1363 836 1444 battuglia,
859 1362 947 1448 Hisp.
966 1364 1093 1431 batallo
1112 1370 1172 1428 etc.
1217 1366 1306 1442 Quas

147 1467 342 1535 eonsuetudo
363 1467 444 1548 quin
467 1488 506 1532 ex
528 1469 652 1551 plebejo
675 1467 889 1534 Romamrum
912 1474 1055 1535 sermone
1076 1467 1219 1549 fluxerit,
1242 1480 1305 1536 uon

146 1571 279 1639 dubium
303 1579 351 1639 est
372 1598 399 1639 v.
422 1575 505 1640 Diez.
529 1596 574 1658 gr.
597 1572 612 1636 Ι
633 1595 663 1656 p.
689 1578 759 1637 174.

87 1664 101 1685 “
670 1683 698 1743 6.
732 1699 782 1744 au.

249 1806 282 1855 a.
315 1804 334 1843 o
354 1805 416 1866 pro
438 1806 492 1848 au.
539 1785 696 1851 Romanos
717 1785 828 1866 primis
850 1784 1044 1867 mipublioae
1065 1787 1179 1852 seculis
1201 1807 1219 1846 o
1243 1807 1303 1870 pro

129 1906 192 1976 ,uu
211 1887 344 1969 dixisse,
367 1897 404 1955 ut
425 1893 490 1957 alia
504 1898 652 1959 sexoeuta
666 1889 811 1975 exempla
833 1893 1017 1956 omittamus
1039 1892 1090 1972 (of.
1104 1889 1226 1957 Huebu.
1242 1889 1305 1955 ind.

144 2011 242 2074 gram
258 1992 291 2057 0.-
306 1992 357 2075 l),
381 1997 501 2080 optime
517 1999 735 2080 cognoscimus
757 2017 797 2063 ex
819 1996 874 2063 illo
889 1995 1058 2062 verborum
1079 2016 1117 2062 ao
1138 1997 1207 2067 seui
1220 1995 1305 2072 ludo,

144 2098 200 2180 qui
221 2097 303 2163 inest
323 2100 426 2167 versui
448 2101 560 2168 anoil.
583 2101 662 2169 stes.
686 2102 759 2168 huie
782 2104 838 2181 (30
857 2102 906 2167 ed
923 2100 1046 2185 Ribb.):
1068 2101 1191 2181 „Quum
1213 2122 1303 2167 suum

145 2201 206 2267 sibi
229 2203 311 2271 alius
332 2205 438 2273 surius
459 2207 579 2273 sotium
602 2208 756 2273 sauciat«.
802 2205 847 2271 of.
867 2204 968 2273 Gorss
990 2208 1021 2273 Ι]
1045 2211 1102 2284 63,
1124 2207 1259 2273 Sohuob.
1275 2206 1304 2269 ll

83 2394 84 2398 Ἰ
147 2310 217 2371 301.
262 2306 368 2391 Atque
397 2313 493 2378 etiam
522 2313 620 2380 literis
642 2315 856 2380 Romanorum
885 2310 1070 2378 florentibus
1098 2311 1155 2376 illa
1177 2309 1303 2377 dicendi

144 2412 228 2478 ratio
240 2415 273 2477 io
288 2436 431 2482 sermone
445 2418 629 2500 quotidiano
647 2419 740 2485 valde
761 2418 882 2484 usitata
896 2416 964 2482 luit
988 2416 1025 2481 of.
1041 2414 1182 2480 Suetonii
1197 2414 1303 2497 (Vesp.

145 2540 171 2582 o.
200 2523 255 2599 12)
284 2522 570 2603 notatiunculam,
599 2526 653 2607 qui
683 2522 910 2604 Vespasianum
940 2520 1018 2587 dioit
1051 2522 1212 2604 »plostra«
1245 2540 1303 2602 pro

147 2624 330 2708 »plaustra«
356 2627 499 2692 locutum
519 2648 595 2694 essu
630 2626 766 2709 Jamque
786 2625 872 2708 apud
887 2625 1071 2692 Petronium
1086 2626 1164 2690 haee
1179 2625 1304 2691 rustioi·

145 2729 221 2794 tatis
231 2729 376 2812 exempla
387 2729 664 2814 deprehendimus:
681 2737 748 2798 lota
760 2753 786 2795 o.
801 2737 855 2810 30,
871 2736 1051 2795 clostellum
1066 2734 1142 2809 140,
1158 2749 1238 2812 copo
1253 2713 1304 2797 39,

58 2816 63 2829 ’
145 2838 198 2916 61,
221 2839 278 2913 el,
301 2839 385 2914 eodo
408 2842 462 2914 44,
485 2842 686 2902 oricularios
706 2839 759 2920 (ex
778 2837 898 2903 Reines.
913 2843 953 2901 et
969 2835 1076 2901 Heius.
1091 2835 1236 2918 ooujeet)
1252 2838 1302 2897 43.

247 2947 279 3023 β.
314 2962 336 3005 11
355 2962 419 3024 pro
442 2963 497 3006 au.
538 2941 575 3007 ln
597 2943 708 3024 lingua
729 2943 850 3010 rustica
871 2941 972 3009 multo
994 2942 1098 3006 rarius
1119 2962 1143 3003 u
1163 2959 1303 3022 quamn

144 3064 202 3128 pru
224 3067 271 3111 au
294 3047 520 3128 enuntiabant,
551 3069 635 3130 quae
657 3049 758 3115 altera
780 3050 864 3114 ratio
893 3048 967 3113 inde
989 3052 1100 3111 morta
1125 3051 1188 3123 est,
1217 3045 1304 3129 quod

143 3136 395 3235 primoquidem
425 3174 444 3215 ο
474 3153 700 3236 loquebantur,
731 3154 788 3220 sed
817 3151 930 3218 deiude
955 3150 1043 3216 illam
1065 3151 1205 3216 vocalem
1226 3151 1258 3214 iu
1280 3172 1304 3214 u

144 3257 318 3324 mutabant.
358 3256 406 3324 (ll.
429 3259 549 3324 elutum
564 3258 666 3324 Plaut.
682 3260 765 3324 Tria.
782 3263 855 3341 406,
877 3256 1008 3323 inlutus
1020 3275 1047 3320 o.
1063 3253 1175 3321 Medio.
1191 3254 1303 3336 Geerg.

143 3361 194 3426 Ill
214 3367 292 3440 443,
323 3383 407 3445 quae
426 3346 547 3429 formae
569 3385 608 3430 ex
631 3365 790 3431 »elotum«
820 3369 853 3428 et
876 3363 1050 3429 »inlolum«
1090 3367 1188 3426 natae
1222 3366 1304 3424 suut

143 3473 310 3549 praeterea
339 3468 377 3532 el
406 3468 494 3533 luros
523 3483 556 3533 oi
572 3468 682 3536 Medio.
707 3471 782 3535 Aem
811 3467 857 3532 Ill
889 3472 968 3548 360,
1000 3470 1149 3544 loretum,
1180 3467 1304 3544 laurum

143 3573 233 3656 posia
255 3573 416 3656 scriptori.
440 3594 465 3637 r.
489 3595 530 3650 r.,
553 3575 645 3656 pusia
659 3573 732 3639 leid.
754 3574 851 3657 origg.
875 3572 980 3651 XVII,
997 3572 1070 3648 Vll,
1094 3576 1151 3648 66,
1174 3574 1303 3654 pausia3

143 3678 301 3760 plastrum
323 3677 417 3742 Laur.
441 3676 529 3744 Oros.
554 3683 635 3757 330,
661 3684 716 3756 13,
738 3678 909 3761 plostrum,
932 3678 1127 3761 plaustrum
1150 3675 1303 3754 Plautius,

143 3782 282 3859 Plotiae,
311 3782 436 3849 Plutius
457 3782 479 3845 l.
502 3784 537 3847 N.
562 3782 599 3849 ef.
622 3781 756 3849 Sohuoh.
780 3782 809 3846 11
835 3787 897 3847 304
921 3802 990 3865 sqq.
1012 3779 1056 3843 111
1081 3784 1153 3844 263.
1206 3779 1304 3865 Cujus

144 3888 266 3970 pueris
295 3888 356 3953 hoe
378 3895 503 3953 tautum
525 3893 614 3954 extat
635 3887 776 3953 Petronii
801 3886 993 3967 exemplum:
1022 3890 1112 3949 cluso
1135 3885 1198 3951 abl.
1219 3894 1303 3970 part.

142 4012 224 4076 pass
248 4014 274 4059 c.
297 3994 356 4087 63ς
385 3994 472 4077 quod
501 3993 632 4057 verbum
662 3989 772 4056 amem
800 3990 926 4055 ratione
947 3990 1102 4073 seriptum
1124 3990 1304 4074 saepissime

143 4100 176 4165 iu
199 4098 332 4170 vetusfis
353 4095 517 4170 codicibus
539 4096 661 4188 legitur.
1074 4132 1076 4135 -
1280 4130 1283 4137 ,
