3059 4684
700 401 908 512 L
1031 450 1034 454 .

261 614 264 619 ·
296 648 300 656 .
327 598 364 665 In
385 600 439 681 iis,
469 616 552 682 quea
573 598 1385 684 modoattun‚exsmp1is.rabsrumsffocis,ue

223 706 331 773 eadem
364 703 487 789 liquida
517 705 618 771 ,etiam
651 706 684 771 in
711 707 856 789 proxima
881 704 1005 790 syllaba
1037 702 1217 782 audiretur,
1250 705 1306 771 sed
1338 705 1386 775 in·

222 813 398 890 veniuntur,
420 830 504 891 quae
526 829 638 877 caussa
659 832 757 893 supra
780 811 880 877 allata
901 810 1053 894 explicari
1076 816 1250 893 nequeam
1269 830 1384 875 rernm

223 924 327 983 nmen
352 934 532 993 aveamus,
562 935 601 979 ne
630 936 668 981 ea
695 936 755 998 pro
779 916 868 982 falsis
895 915 1062 997 scripturis
1091 914 1281 995 habeamus3
1313 936 1384 989 uam

223 1039 323 1101 quum
357 1021 451 1085 unius
485 1018 571 1083 vocis
604 1017 876 1101 deprehendamus
911 1021 1039 1103 saepius
1074 1019 1205 1089 eandem
1235 1021 1384 1086 >vitiosam

223 1124 372 1200 ferinam,
406 1122 615 1195 confitendam
647 1130 710 1201 est,
743 1126 878 1191 mucram
905 1126 1007 1191 altera
1034 1123 1150 1202 fnlciri,
1181 1123 1219 1186 ci.
1250 1126 1386 1207 propina

222 1228 331 1294 isidor.
359 1237 452 1311 etym.
479 1234 535 1308 lt,
565 1232 625 1307 423
655 1229 788 1311 propina
810 1229 897 1295 Ross
928 1227 1060 1295 insoni
1087 1231 1183 1305 1055,
1216 1228 1385 1297 culcitrum

222 1341 253 1397 st
286 1334 422 1405 culcitra
455 1354 608 1417 persaepe
646 1335 679 1398 in
714 1334 876 1415 glossariis
912 1335 1099 1416 pervetustis
1131 1331 1385 1401 Dietienbacbins

226 1436 422 1516 observavit,
449 1438 542 1521 eujus
571 1439 755 1505 thesaurum
778 1440 898 1522 inspice
920 1460 943 1504 s
965 1439 993 1503 h.
1017 1462 1043 1504 v.
1095 1437 1229 1505 Accedit
1249 1435 1385 1519 denique

224 1563 299 1607 usus
314 1542 495 1623 linguarum
506 1541 765 1620 Romanensem,
789 1547 828 1608 ei.
844 1542 1091 1626 frondatiunda)
1103 1548 1243 1619 tranare,
1263 1548 1384 1619 anatra,

221 1646 644 1725 balestr·a,alia1talorum,
669 1669 696 1713 r.
723 1649 804 1711 Diez.
827 1649 843 1713 Ι
867 1653 946 1727 3233
977 1648 1075 1714 udde:
1104 1647 1232 1715 estrella
1260 1646 1383 1729 (anua)

224 1747 313 1832 Hisp.
337 1758 513 1832 sequentia,
532 1761 658 1819 mentre
680 1762 737 1819 etc.
760 1753 910 1831 Provinc,
933 1776 958 1817 v.
984 1752 1103 1817 Dioni
1127 1756 1190 1817 358
1213 1760 1247 1817 et
1270 1756 1343 1823 392

327 1856 433 1938 Atque
455 1856 542 1938 apud
564 1857 749 1924 Petronium
770 1857 855 1925 idem
880 1859 1025 1936 conviva,
1054 1858 1110 1940 qni
1139 1859 1290 1921 eredriae
1311 1878 1383 1939 pru·

221 1962 347 2027 nuntiat
369 1981 427 2042 pro
450 1963 580 2026 cedrioe
606 1983 641 2026 a„
657 1967 714 2040 38,
738 1962 835 2029 ctiam
857 1968 997 2028 culcitra
1020 1962 1162 2044 loquitur
1183 1983 1242 2045 pro
1265 1967 1384 2029 eutem

221 2089 245 2128 o.
272 2071 329 2141 38,
358 2065 398 2128 de
420 2085 485 2147 qua
507 2065 611 2132 forma
634 2067 703 2150 jam
728 2086 828 2151 supra
857 2067 979 2133 dictum
1002 2074 1057 2133 est
1111 2067 1256 2134 Restitno
1278 2074 1384 2135 autem

221 2169 307 2249 illam
325 2167 362 2231 Η.
386 2169 502 2235 codicis
516 2169 698 2249 lectionem,
723 2193 820 2254 quum
836 2172 914 2238 satis
929 2180 1019 2239 certa
1033 2180 1220 2254 argumenta
1235 2172 1385 2255 exemplis

138 2278 140 2282 ’
221 2272 327 2339 allatis
357 2273 458 2338 inesse
488 2273 661 2340 rideantur.
707 2275 834 2341 Mallem
864 2278 927 2341 huc
956 2278 1053 2345 etiam
1078 2276 1173 2343 abarn
1196 2275 1385 2359 Traguriani

220 2377 414 2459 scripturam
436 2376 567 2445 afferre:
598 2378 670 2445 dico
693 2380 828 2449 sormam
847 2385 1001 2463 pitrrotia
1024 2402 1049 2445 c.
1075 2387 1132 2461 34,
1158 2383 1278 2466 quippe
1301 2402 1384 2466 quae

220 2482 280 2547 iux
302 2481 334 2545 iu
357 2483 498 2565 margine
521 2483 577 2551 illo
600 2485 695 2557 modo
721 2486 842 2567 scripta
863 2486 1018 2570 repetitur
1040 2489 1240 2568 (mironio).
1286 2485 1384 2563 Extat

219 2586 345 2666 quidem
367 2588 400 2652 in
423 2588 535 2653 eodem
557 2588 670 2657 codice
689 2590 735 2671 (e.
750 2595 811 2685 bb)
834 2591 927 2657 lectio
946 2596 1104 2673 pictam,
1125 2593 1181 2657 sed
1204 2613 1302 2674 quum
1324 2602 1382 2657 ant

221 2692 279 2757 boe
301 2702 359 2758 aut
380 2693 435 2759 iilo
458 2694 527 2761 ioco
550 2692 700 2761 librarius
715 2695 883 2774 erraverit,
907 2716 1000 2777 quem
1015 2696 1139 2765 facilius
1159 2697 1285 2763 literam
1308 2697 1384 2763 cmi·

219 2796 295 2859 sisse
317 2817 413 2879 quam
436 2800 603 2865 inseruisse
631 2800 799 2867 verisimile
825 2810 888 2878 est,
918 2802 1026 2883 placet
1052 2801 1142 2865 nobis
1164 2802 1252 2882 prior
1274 2799 1384 2879 forma,
1508 2857 1511 2861 ,

222 2904 357 2981 quaein
382 2905 524 2985 margine
546 2904 662 2968 iterum
683 2925 741 2987 per
764 2925 782 2967 r
804 2906 922 2988 scripta
944 2912 1000 2968 est

745 3048 773 3107 5.
807 3064 869 3108 mn.

324 3166 381 3244 iis,
417 3169 471 3250 qui
505 3188 649 3233 sermone
681 3167 804 3250 plebejo
838 3168 1025 3246 utebantur,
1060 3167 1280 3232 molestissima
1315 3175 1384 3233 erat

220 3270 406 3353 compositio
421 3294 477 3334 roc
499 3271 680 3353 literarum,
704 3293 801 3357 quam
817 3271 901 3339 omni
916 3272 1010 3338 modo
1025 3270 1197 3349 tollebant,
1219 3260 1284 3336 sire
1299 3272 1384 3353 quod

220 3375 360 3441 vocalem
383 3376 481 3441 levem
509 3378 771 3463 interponebant,
801 3378 865 3442 sive
883 3400 909 3460 p
930 3376 1092 3455 labialem,
1122 3398 1186 3459 qua
1208 3398 1239 3438 m
1263 3377 1307 3440 lit.
1332 3376 1384 3439 fir-

219 3488 374 3562 maretur,
397 3481 462 3547 sive
484 3482 571 3564 quud
594 3491 652 3549 aut
666 3506 698 3546 m
722 3490 779 3547 aut
804 3505 827 3547 rr
850 3483 1030 3565 ejiciebant,
1052 3478 1117 3546 sive
1139 3481 1275 3564 denique
1297 3484 1383 3565 quod

219 3586 262 3647 lit.
288 3586 374 3649 min
400 3610 422 3651 c
445 3587 620 3653 mutabant.
674 3587 778 3665 Quum
809 3597 916 3652 autern
947 3588 1099 3671 cujusque
1128 3586 1212 3649 modi
1242 3587 1384 3669 exempla

220 3687 387 3755 Petronius
408 3693 578 3775 praebeat,
604 3695 728 3775 singula
759 3708 875 3774 genera
905 3693 1087 3757 accuratius
1109 3688 1383 3775 pertractabimus]

223 3840 429 3853 -t--Q

218 3902 348 3957 iliterarn
368 3916 458 3959 autern
477 3912 539 3973 post
557 3903 594 3955 lit.
613 3920 630 3953 r
646 3904 673 3955 ic
692 3903 745 3955 hoc
763 3902 850 3955 verbo
868 3903 996 3955 librarius
1015 3904 1121 3961 omisit,
1147 3904 1176 3956 io
1193 3903 1267 3971 quod
1287 3888 1403 3971 magna,
1473 3950 1475 3953 .

221 3994 389 4062 negligentia
412 3997 441 4046 in
466 3994 525 4046 aliis
544 4008 655 4061 ¹queque
676 3993 789 4045 vocibus
814 3992 946 4058 peccavit,
966 3993 999 4044 ci.
1018 3994 1197 4063 repositorum
1217 4007 1238 4044 c.
1255 3990 1301 4052 33,
1324 4006 1384 4045 arce>

220 4083 306 4135 tinum
326 4098 349 4133 c.
368 4080 420 4145 35,
439 4083 618 4136 maleiecrnm
637 4098 659 4134 c.
678 4082 723 4135 47.
