3059 4684
693 465 751 535 38'

133 660 322 728 infinitivum
345 666 441 748 plane
470 666 661 731 substantivi
683 668 789 732 locum
816 666 952 731 tenuisse
981 666 1055 730 inde
1079 670 1307 749 cognoscimus·

135 768 220 849 quod
244 771 494 851 praepositiones
518 793 590 837 cum
611 772 666 837 illo
690 773 879 858 conjunctae
902 780 989 851 suut,
1013 773 1052 837 cf.
1075 774 1116 838 de
1138 774 1297 838 adfranirs

135 871 248 952 1841,
272 897 299 938 ν.-
321 875 402 944 Dies.
428 877 488 960 ΙΙΙ,
512 885 584 949 209.

521 1042 550 1112 5.
585 1048 631 1112 De
653 1046 907 1137 pronominibus.
1302 1126 1307 1137 ‚.

238 1156 354 1239 Magna
383 1167 432 1224 est
459 1161 491 1225 iu
514 1162 652 1228 Petronii
682 1164 789 1228 libello
819 1164 1040 1245 pronominum
1071 1163 1294 1226 nonnullorum

135 1260 326 1345 frequentia,
349 1285 387 1330 ac
411 1269 594 1347 praesertim
614 1270 840 1353 personalium,
866 1289 961 1352 quarn
977 1267 1126 1351 loquendi
1142 1269 1296 1355 rationem

134 1366 258 1448 plebem
273 1372 443 1435 adamasse·
459 1394 497 1436 ex
520 1395 556 1437 eo
580 1383 727 1457 apparet,
751 1374 839 1458 quod
861 1374 955 1437 etiam
977 1373 1010 1436 in
1026 1372 1130 1436 Plauti
1147 1373 1293 1438 aliorum·

134 1495 196 1556 que
219 1477 388 1541 comoediis
411 1485 503 1543 tanta
518 1487 566 1546 est
579 1480 799 1563 pronominum
814 1500 909 1563 perss
927 1480 1033 1561 copia,
1057 1484 1093 1541 ut
1116 1478 1174 1541 viri
1197 1475 1293 1553 docti,

133 1580 189 1660 qui
212 1587 313 1647 artem
337 1584 480 1649 criticam
503 1586 535 1651 in
558 1586 619 1651 illis
640 1586 742 1668 poetis
758 1592 923 1662 exercent,
946 1586 972 1649 si
994 1591 1129 1648 metrum
1151 1582 1294 1647 voculam

133 1684 306 1766 desiderat,
329 1711 503 1771 pronomen
519 1691 649 1773 aliquod
664 1691 819 1767 inserant,
843 1690 1052 1779 quouadjecto
1075 1686 1295 1753 consuetudini

133 1790 254 1872 vulgari
278 1795 394 1876 optime
409 1795 567 1865 studuisse
589 1796 649 1861 sibi
665 1796 818 1860 videntur.
858 1801 961 1879 Atque
977 1795 1117 1861 Petronii
1141 1794 1198 1856 hos
1222 1812 1295 1855 con-

133 1896 215 1962 feras
238 1899 340 1964 locos:
370 1922 426 1982 epo
450 1907 575 1982 44444444,
605 1922 665 1964 uos
695 1905 849 1965 badericus
874 1903 961 1964 —si
992 1921 1052 1963 nos
1074 1901 1230 1962 babemus
1257 1935 1301 1975 ψ,

132 2002 209 2083 quia
230 2025 290 2066 nos
313 2027 373 2070 noo
397 2027 509 2070 sumus
532 2027 556 2071 c.
577 2012 634 2083 44,
665 2027 721 2090 eoo
745 2009 849 2070 occidi
866 2014 921 2084 46,
944 2008 1086 2069 solebam
1111 2025 1167 2085 eqo
1192 2007 1295 2096 tepere

133 2110 191 2186 48,
214 2128 271 2189 eqo
295 2113 434 2189 4444448,
458 2133 514 2194 eqo
535 2115 717 2194 persuadeo
735 2118 793 2189 62,
816 2133 872 2194 epo
889 2113 989 2195 jubeo
1007 2116 1064 2188 91,
1086 2131 1142 2192 eqo
1166 2112 1294 2171 4444444444

135 2214 195 2290 lon
214 2221 271 2278 etc.
307 2215 415 2299 Neque
438 2218 539 2284 minus
562 2240 600 2283 ex
622 2219 814 2286 verbositate
835 2219 953 2303 plebis,
977 2237 1059 2302 quae
1082 2236 1176 2296 quarn
1200 2214 1300 2282 maxi-¹

132 2343 216 2385 mam
239 2322 499 2404 perspicuitatem
520 2327 706 2409 appetebat,
728 2324 855 2389 fluxisse
869 2331 948 2407 puto
964 2324 1050 2387 illam
1075 2321 1199 2386 dicendi
1223 2340 1295 2382 con·
1317 2369 1320 2372 .

131 2427 345 2508 suetudinem,
374 2450 440 2511 qua
469 2432 530 2497 vim
560 2433 755 2515 pronominis
781 2431 947 2515 possessivi
957 2429 1044 2493 ‘11120
1076 2449 1155 2511 pers
1179 2432 1299 2506 augent,

132 2535 325 2618 pronominis
347 2536 523 2615 personalis
547 2537 652 2602 dativo
675 2537 819 2622 adjecto,
847 2537 901 2618 qui
930 2536 970 2601 ab
994 2536 1199 2601 aritecedente
1222 2553 1303 2621 pro-2

132 2641 257 2707 nomine
287 2641 414 2724 pendet.
438 2642 475 2705 cf.
503 2643 633 2711 reddam
662 2664 750 2707 suom
781 2642 839 2707 sibi
863 2643 964 2707 Plaut.
987 2641 1070 2706 Trin.
1098 2647 1174 2717 166,
1206 2660 1298 2735 suam¹

131 2745 192 2811 sibi
214 2769 280 2811 rem
303 2749 421 2814 salvam
444 2749 555 2813 sistam
572 2748 664 2813 Poeni.
687 2754 723 2826 5,
747 2755 782 2827 2,
809 2754 885 2825 123,
908 2770 966 2813 sua
988 2747 1048 2812 sibi
1063 2746 1197 2830 pecunia
1212 2743 1294 2809 Pers.

136 2858 166 2929 1,
193 2858 228 2933 3,
255 2860 286 2932 l,
315 2876 373 2919 suo
404 2854 464 2919 sibi
492 2875 587 2919 succo
618 2855 725 2920 vivont
747 2853 837 2937 Capt
865 2860 897 2931 l,
925 2861 958 2933 l,
987 2857 1040 2933 13,
1070 2851 1128 2914 vid.
1154 2849 1301 2933 Brixiuml

132 2958 173 3021 ad
189 2958 272 3024 Trio.
293 2964 369 3039 166,
394 2967 425 3023 et
448 2980 530 3043 quae
545 2959 688 3025 Holtzius
704 2961 734 3039 I,
757 2984 787 3044 p.
806 2965 867 3024 364
892 2960 930 3023 de
954 2958 1175 3042 conjunctione
1201 2978 1295 3021 »suus

132 3062 212 3128 sibi«
238 3064 400 3145 disseruit3
425 3066 533 3129 asnis
564 3065 623 3131 sibi
646 3066 832 3150 parentibus
856 3066 947 3148 Apul.
970 3064 1010 3128 M.
1037 3069 1070 3142 l,
1095 3066 1152 3140 29,
1174 3063 1210 3139 in¹
1230 3062 1294 3142 suis

132 3169 192 3233 sibi
215 3170 360 3236 domibus
386 3177 417 3248 l,
442 3174 500 3246 41,
532 3191 603 3234 cum
633 3194 689 3237 sua
720 3174 783 3237 sibi
812 3172 980 3255 perspicua
1005 3170 1293 3260 pulchritudiuetl,

133 3281 195 3340 309
219 3283 287 3353 eto,
312 3277 349 3341 cf.
376 3275 653 3341 Hildebrandtium
676 3278 695 3341 l.
718 3279 736 3341 1.
783 3277 830 3341 Ex
861 3297 924 3359 quo
950 3295 1062 3358 genere
1084 3284 1132 3342 est
1154 3275 1293 3342 Petronii

132 3384 192 3448 boo
215 3383 408 3466 exemplum:
432 3391 629 3464 autopyrum
654 3386 692 3447 de
714 3404 773 3447 suo
796 3387 858 3448 sibi
880 3406 904 3448 c.
930 3387 981 3446 66.

235 3486 335 3553 Sede
337 3488 440 3564 thica,
464 3508 559 3569 quam
583 3489 780 3572 grammatici
802 3495 930 3567 vocant,
953 3487 1075 3553 ratione
1091 3510 1201 3553 censeo
1224 3468 1295 3572 pro

131 3614 242 3660 nomen
266 3593 474 3679 possessivum
499 3594 531 3657 in
554 3594 656 3659 hiscre
678 3595 871 3660 dictionibus
894 3594 1068 3678 adjectum:
1092 3598 1184 3657 miles
1206 3586 1297 3657 meus

133 3707 190 3777 62,
213 3704 306 3764 bouso
329 3720 420 3763 meus
444 3705 501 3779 62,
525 3703 604 3763 doro
633 3708 741 3763 4444444
765 3705 823 3777 63,
847 3720 929 3781 quae
951 3697 1137 3780 quotidiano
1160 3700 1299 3789 sermoni

131 3814 205 3871 sunt
227 3814 276 3871 att
263 3806 456 3873 ritbuendae.

560 3943 589 4010 6.
623 3944 669 4039 Do
692 3941 874 4028 particulis.

236 4060 350 4121 4444
378 4079 445 4137 por
445 4063 554 4122 44444464
584 4083 609 4122 4
623 4061 810 4139 ujuucb'vis.
866 4056 988 4137 Pauca,
1023 4065 1060 4121 ut
1094 4058 1222 4124 tandem
1255 4058 1297 4132 ad

135 4169 307 4228 extremam
331 4163 554 4246 disputationis
571 4173 699 4250 partem
714 4165 945 4246 perveniamus,
969 4165 1010 4229 de
1031 4164 1198 4247 particulis
1220 4186 1296 4230 con·
