3059 4684
504 372 757 485 »nrt

261 574 365 656 Atque
393 575 577 657 epenthesin
608 574 726 641 rooa'iis
753 575 821 656 J‘am
851 574 1071 655 antiquissima
1098 580 1204 641 aetate
1227 575 1315 641 adhi-

155 679 294 744 buerunt
316 681 347 743 in
369 679 548 746 nominibus
571 678 733 747 aGraeois
749 680 896 761 acceptis,
920 679 957 743 cf.
981 682 1066 745 mina
1086 687 1118 743 et
1139 686 1227 764 μνᾶς
1250 680 1330 767 Hys-

155 786 245 850 minis
267 785 420 869 et‘rpne
433 785 468 850 G.
491 785 514 850 1.
538 790 610 864 982,
632 807 659 849 v.
672 783 821 849 Ritsohel.
837 782 877 848 Μ.
894 783 951 848 Rh.
970 807 999 849 18
1023 789 1087 849 450
1100 806 1170 869 sqq.
1187 808 1314 870 opusou.

155 890 229 974 phil.
252 889 282 954 11
312 896 371 955 481
406 912 474 973 sqq.
505 925 546 939 ··-
571 889 797 973 gyminastious
829 886 922 952 Naen.
948 910 974 952 v.
997 888 1038 955 Μ.
1061 888 1203 956 11111111
1238 896 1314 971 1003

154 1015 280 1080 opusne
311 994 437 1060 11483.
483 995 685 1077 Agamemino
707 992 747 1057 Μ.
772 992 927 1070 1181111,
954 999 1011 1059 lll
1037 996 1214 1078 opusculi
1239 1002 1311 1061 491.

154 1100 438 1185 Clytaeminaestra
469 1098 510 1163 M.
544 1099 602 1164 Rh.
639 1097 698 1162 xil
744 1101 813 1162 110.
879 1097 999 1176 Quibus
1040 1101 1191 1184 exemplis
1232 1102 1313 1167 adde

154 1197 448 1285 Sohnohardtii'iil
472 1206 551 1288 419)
576 1198 677 1266 baeu:
713 1198 870 1268 ominibus
893 1202 914 1266 1.
937 1202 973 1290 Ν.
999 1209 1079 1285 osa,
1113 1207 1231 1272 omines
1261 1207 1312 1272 Or.
1423 1242 1426 1247 ·

155 1312 251 1376 Henz.
271 1314 374 1387 soom
396 1306 552 1371 Menester
566 1306 589 1372 l.
605 1305 640 1370 N.
665 1311 752 1371 8808
778 1316 837 1373 eto.
881 1307 993 1390 Itaque
1010 1309 1218 1377 Buechelerus
1241 1334 1313 1394 pro-

155 1417 305 1483 babiliter
326 1412 451 1478 Patron.
481 1432 506 1475 o.
533 1416 572 1476 41
607 1412 775 1477 lectionem
803 1417 1002 1477 srarnmaras
1030 1416 1185 1496 restituit,
1214 1436 1312 1498 quum

154 1524 236 1587 hano
256 1519 413 1605 judiearet
426 1515 552 1600 plebeja
566 1536 631 1581 esse
654 1515 868 1579 enuntiatione
890 1520 1027 1600 positam
1046 1542 1104 1603 pro
1127 1531 1313 1586 stamnutos

155 1627 240 1710 quod
270 1625 399 1691 verbum
429 1623 580 1704 originem
609 1620 750 1685 duxisset
781 1619 946 1686 aGraooa
975 1646 1053 1691 voee
1083 1630 1237 1709 σταμνός,
1272 1608 1309 1673 έ-

150 1757 183 1815 p.
195 1752 268 1796 vero
280 1728 426 1796 labialem
440 1727 640 1791 inseruerunt
651 1731 702 1807 (nt
718 1725 760 1790 ud
776 1725 911 1791 aiteram
925 1730 1078 1794 rationem
1095 1737 1312 1812 transeamus),

154 1858 219 1920 qua
247 1840 378 1918 propter
407 1831 505 1914 ipsius
536 1830 647 1894 duram
670 1837 818 1894 naturam
839 1834 1129 1914 pronuntiationem
1152 1834 1313 1901 efficerent

154 1944 322 2015 aeriorem,
351 1935 490 2002 utillud
515 1958 546 1998 m
570 1957 632 1999 non
662 1944 877 2013 evanesceret,
907 1938 961 2001 sed
991 1943 1174 2024 propinqua
1203 1941 1328 2006 iubinliv

154 2044 380 2130 amplifioatum
402 2042 523 2106 olisioui
545 2040 594 2103 rol
621 2040 839 2105 assimilationi
863 2043 1030 2109 resisteret.
1055 2046 1093 2109 oi.
1117 2052 1313 2129 antempnas,

153 2156 324 2237 dampnum
347 2155 414 2225 eto,
435 2145 494 2210 vid.
512 2145 659 2209 Ritsohet
681 2147 821 2229 proiegg.
837 2145 975 2213 Trinum.
998 2172 1028 2233 p.
1048 2156 1125 2230 102;
1150 2161 1313 2236 tempnere

153 2283 178 2325 8.
200 2256 332 2322 Gudian.
357 2253 471 2335 Vergil.
497 2253 570 2316 Aen.
598 2256 632 2328 6,
664 2255 745 2328 620;
776 2251 963 2335 aiumpna-,
994 2243 1101 2334 -atus,
1133 2259 1312 2340 columpna,

153 2363 368 2445 dampnizare,
397 2378 545 2444 ympnus,
568 2357 756 2438 insompnis,
785 2359 982 2439 soampnale,
1005 2362 1230 2442 solempnizare
1252 2370 1309 2426 ete.

152 2470 243 2552 gloss.
268 2463 417 2536 Dieffsnb.
462 2461 521 2526 Sed
550 2460 645 2526 tinem
675 2461 829 2525 faciamus
854 2461 1100 2545 exemplorum,
1116 2487 1198 2548 quae
1219 2467 1312 2532 facile
1367 2472 1369 2475 ’

152 2592 267 2656 augere
289 2571 404 2654 possis:
427 2591 465 2635 ex
486 2569 539 2647 iis,
563 2586 645 2650 quae
658 2565 753 2630 modo
776 2569 1041 2647 enumeravimus,
1065 2571 1143 2635 satis
1165 2573 1310 2654 intelligi.-

152 2686 220 2758 tur,
243 2676 366 2761 plebem
387 2676 511 2742 solitam
530 2694 598 2739 esse
620 2694 694 2754 nrpn
719 2692 779 2754 pro
795 2693 851 2734 mn
867 2675 1083 2755 pronuntiare.
1101 2675 1310 2743 'Conseruar-

59 2827 62 2832 2
152 2785 209 2848 das
238 2783 344 2865 igitur
369 2801 478 2846 oenseo
509 2779 583 2857 libri
612 2780 819 2860 manuscripti
850 2780 1002 2846 lectiones
1033 2783 1093 2862 (u)
1122 2792 1314 2865 murupuosr'
1386 2820 1389 2827 ι

153 2889 276 2955 Petron.
299 2911 323 2954 o.
349 2893 403 2966 393
427 2895 459 2951 et
482 2889 540 2967 (a)
565 2904 741 2965 erumpnas
763 2904 788 2948 o.
813 2888 870 2960 48,
900 2906 980 2967 quas
1007 2885 1143 2950 editores
1164 2890 1309 2970 repudia·
1383 2887 1386 2890 ’

151 2999 271 3059 verunt
301 2990 382 3057 Noun
400 2998 526 3076 praeter
540 2991 694 3055 rationem
716 3011 814 3072 supra
836 2990 1082 3056 demonstratam
1102 2993 1226 3057 secedit
1245 3000 1310 3077 pri-

151 3119 252 3176 unum,
275 3097 360 3180 quod
383 3098 500 3163 iterata
523 3102 570 3162 est
591 3095 669 3159 haee
692 3096 874 3178 scriptura,
900 3096 1027 3174 deinde,
1062 3098 1148 3181 quod
1173 3107 1309 3182 utraque

151 3206 254 3269 forma
274 3211 321 3267 est
333 3202 579 3269 Trinralohionis.
609 3202 696 3267 Idem
712 3201 793 3266 enim
806 3206 996 3282 Aparnenon
1011 3225 1070 3284 pro
1087 3207 1309 3284 Aparnemnon

151 3309 293 3395 loquitur
317 3330 342 3372 8.
359 3313 416 3385 48,
440 3308 479 3370 de
501 3328 566 3388 qua
588 3329 622 3372 re
638 3307 699 3372 rid.
722 3327 805 3388 quae
819 3329 850 3391 p.
876 3311 931 3387 18,
954 3307 1203 3389 disputabimus,
1227 3310 1310 3380 idem

155 3415 329 3497 Neptuniae
363 3436 422 3499 pro
447 3413 626 3496 Neptunus
659 3414 739 3479 dioit
771 3413 824 3493 (of.
855 3435 884 3496 p.
920 3418 976 3492 18,
1010 3412 1196 3498 dissertat),
1228 3414 1310 3480 idem

152 3519 289 3605 deniqne
311 3539 417 3587 omues
441 3519 587 3589 convivas
608 3520 699 3605 longe
721 3526 852 3604 superat
874 3520 1055 3584 rusticitate
1078 3522 1311 3600 enuntiationis,

150 3623 300 3705 flexionis,
316 3625 559 3710 compositionis
592 3626 700 3709 Neque
716 3627 777 3690 hoo
792 3627 887 3709 plane
903 3625 1110 3689 omittendum
1134 3648 1201 3692 esse
1222 3634 1311 3712 puto,

151 3731 236 3814 qnod
262 3731 413 3810 glossaria
436 3733 650 3796 vetustissima
671 3734 757 3798 illius
781 3733 864 3798 vocis
888 3730 1012 3795 easdem
1035 3750 1073 3794 88
1095 3730 1310 3814 Tragurianus

57 3910 62 3917 .
150 3837 327 3918 scripturas
342 3839 508 3917 praebens
531 3838 568 3903 of⁴
584 3858 811 3922 aerumpnosus
827 3839 865 3901 ol.
883 3843 980 3898 anott.
999 3833 1080 3901 Maii.
1096 3834 1169 3900 Vlll
1190 3858 1218 3918 p
1241 3841 1309 3913 198,

149 3961 338 4024 aerumpna,
365 3962 455 4018 -are,
478 3949 572 4006 -atus
585 3943 667 4015 ,ibid
691 3964 720 4024 p.
748 3947 824 4019 1933
851 3941 911 4006 vid,
937 3942 1161 4007 itieffmbaohii
1184 3964 1310 4026 quoque

149 4046 287 4111 thesaur.
311 4067 334 4110 s.
356 4045 384 4109 h.
407 4066 453 4108 rr.
484 4083 519 4092 —
