3059 4684
747 428 791 495 18

123 654 127 661 ·
185 624 245 688 Sed
273 631 308 689 ut
344 622 385 688 ad
411 622 593 688 Petronium
626 624 806 702 redeamus,
838 625 906 690 cod.
940 623 975 687 H.
1006 631 1069 688 tam
1100 646 1195 713 saepe
1221 624 1347 695 literam

186 730 209 793 ri
237 739 295 807 (z
324 738 387 806 aa)
417 749 476 811 pro
506 750 561 792 mn
586 732 814 813 compositione
842 732 993 814 praebet,
1030 738 1067 795 ut
1097 732 1180 795 hanc
1211 737 1348 800 sermoni

185 836 310 922 plebejo
321 836 483 918 propriam
498 834 624 900 dicendi
637 837 790 902 rationem
808 859 871 902 non
887 859 959 902 curn
971 836 1164 902 Buechelero
1178 840 1347 922 rejecerim.

186 945 232 1007 llo
254 943 390 1025 primum
413 941 541 1022 quidem
563 940 617 1005 ille
640 941 807 1006 lectionem
830 946 1020 1026 Apameam
1045 944 1181 1026 respuit,
1212 947 1348 1027 quaein

186 1047 358 1130 codTrag.
377 1045 636 1128 quattuordecies
658 1048 780 1131 scripta
803 1057 867 1128 cst;
891 1050 929 1113 cf.
946 1071 970 1112 c.
990 1055 1024 1127 3,
1050 1054 1107 1131 26,
1133 1056 1190 1130 28,
1213 1057 1272 1130 46,
1297 1058 1348 1130 48,

186 1162 306 1238 quater,
331 1158 388 1232 49,
413 1159 470 1236 50,
495 1159 552 1234 52,
577 1160 634 1232 59,
659 1160 716 1231 65,
742 1160 799 1233 69,
824 1161 872 1220 78.
919 1155 1109 1239 Plerumque
1137 1157 1264 1240 quidem
1286 1159 1347 1223 hoc

184 1281 296 1326 nomen
319 1259 435 1343 legitur
454 1261 490 1326 in
512 1261 614 1327 verbis
629 1260 788 1344 Encolpii,
812 1263 867 1326 sed
890 1262 977 1326 haud
999 1282 1071 1325 raro
1094 1262 1183 1326 illum
1206 1262 1348 1328 videmus

184 1387 248 1430 non
269 1346 446 1432 inconsulto
468 1365 570 1449 plebis
592 1368 850 1433 consuetudinem
874 1352 1018 1433 secutum
1041 1387 1124 1444 esse,
1154 1388 1347 1451 quamquam

184 1472 283 1555 ipsius
306 1488 404 1553 genus
423 1471 549 1537 dicendi
571 1472 723 1538 urbanius
746 1479 795 1538 est
811 1493 907 1556 quarn
922 1492 1049 1549 eorum,
1071 1472 1180 1554 quiin
1204 1477 1346 1541 convivio

183 1578 349 1642 intersunt.
395 1576 505 1660 Neque
527 1577 629 1643 solum
652 1576 690 1642 H.
716 1578 786 1646 eod.
813 1579 1007 1661 scripturam
1030 1581 1222 1660 Apumeuon
1246 1578 1346 1659 affert,

184 1683 237 1746 sed
261 1682 356 1748 etiam
379 1682 478 1748 codex
500 1683 662 1751 Leidensis
685 1685 857 1749 Vossianus
879 1681 936 1766 (F)
956 1685 1042 1748 hisce
1064 1684 1159 1749 locis:
1182 1704 1225 1748 co.
1251 1688 1286 1761 3,
1311 1690 1347 1763 ὃς

185 1788 223 1852 el.
246 1787 286 1852 de
308 1788 369 1853 hac
392 1809 427 1852 re
449 1789 565 1854 Wehlii
587 1790 746 1857 dissertat.
770 1813 799 1873 p.
824 1793 874 1852 22.
906 1828 946 1836 -
979 1790 1099 1854 Deinde
1133 1790 1213 1855 liber
1235 1812 1347 1855 manu·

184 1894 322 1976 scriptus
345 1897 431 1957 557
455 1895 588 1976 praebet
610 1894 744 1961 formam
768 1900 856 1975 triac,
883 1896 916 1960 in
939 1917 1002 1978 quo
1025 1894 1121 1961 verbo
1137 1894 1348 1962 Buechelerus

185 2007 271 2065 recte
296 1998 453 2064 intellexit
474 2022 582 2066 vocem
604 2003 739 2069 lamna
762 2002 876 2080 latere;
899 2002 954 2066 sed
969 2001 1086 2086 injuria
1108 2000 1191 2082 hauc
1214 2001 1346 2067 formam

184 2107 287 2174 textui
310 2104 457 2184 inscruit,
492 2129 590 2191 quum
605 2110 789 2175 Petronium
811 2107 976 2173 verisimile
1000 2110 1042 2172 sit
1067 2107 1227 2189 vulgarem
1252 2128 1347 2172 enun-

181 2213 346 2278 tiationem
370 2209 569 2293 adhibuisse,
599 2236 682 2297 quae
710 2216 743 2278 in
774 2213 883 2279 codiee
912 2215 1036 2297 legitur.
1082 2213 1140 2280 Est
1163 2215 1246 2278 enim
1268 2215 1347 2278 haec

59 2389 61 2395 ,
183 2342 244 2387 vox
268 2318 371 2384 liberti
393 2317 543 2401 alicujus,
573 2322 628 2403 qui
659 2343 756 2404 quum
781 2321 920 2403 alioquin
945 2340 1088 2385 sermone
1110 2320 1203 2384 valde
1226 2321 1347 2384 rustico

183 2425 300 2501 utitur,
333 2427 401 2487 tum
431 2425 570 2507 ejusdem
594 2426 682 2492 verbi
706 2427 808 2491 torma
829 2424 1021 2489 deminutiva
1046 2429 1216 2488 lamellula
1249 2444 1274 2488 5.
1298 2431 1346 2489 57.

184 2534 289 2613 Atque
310 2529 393 2594 idem
416 2532 548 2598 eandem
579 2532 749 2599 dictionem
773 2531 889 2614 repetit
912 2551 937 2594 c.
963 2534 1022 2608 58,
1051 2551 1115 2612 555
1138 2530 1209 2594 loco
1232 2532 1346 2594 iterum

182 2642 214 2704 in
238 2638 433 2721 Traguriano
456 2644 505 2703 est
525 2637 630 2703 forma
653 2644 760 2713 1555,
791 2657 889 2718 quum
915 2641 1022 2698 autem
1045 2634 1245 2698 accusativus
1268 2636 1348 2698 desi·

182 2748 326 2824 deretur,
355 2742 557 2809 manifestum
590 2751 638 2809 est
670 2745 701 2808 in
737 2742 911 2824 archetypo
945 2740 1033 2804 illam
1066 2738 1230 2817 lineolam,
1246 2782 1248 2785 ·
1264 2760 1346 2822 quae

182 2852 359 2934 scripturae
380 2848 476 2927 inest,
510 2871 573 2915 non
604 2851 705 2934 priori
727 2849 783 2915 sed
810 2847 902 2914 alteri
926 2868 948 2910 a
971 2845 1218 2931 superscriptam
1239 2844 1345 2925 luisse,

181 2965 218 3023 ut
240 2957 283 3022 sit
305 2960 385 3020 land
414 2975 474 3038 pro
507 2961 630 3019 lunum.
685 2956 731 3020 Ac
762 2952 906 3019 similiter
929 2953 1035 3035 Veget.
1060 2951 1123 3032 ΙΙΙ,
1148 2957 1183 3028 4,
1209 2955 1226 3014 7
1252 2957 1284 3014 et
1306 2951 1346 3028 ΙΙ,

183 3074 239 3143 55,
263 3061 372 3128 71155
398 3061 509 3126 »lana«
527 3060 697 3143 praebent,
721 3081 817 3143 quam
840 3060 1008 3126 lectionem
1023 3057 1227 3143 Morgagnius
1249 3059 1280 3121 in
1297 3078 1344 3139 ep.

181 3175 228 3239 ad.
242 3171 304 3237 Jut.
316 3165 508 3234 Pontedram
523 3168 564 3249 (p.
581 3171 664 3233 1240
680 3167 800 3250 scriptt.
816 3174 894 3230 rust.
915 3167 962 3230 ed.
974 3166 1129 3249 Gessner.)
1144 3168 1178 3231 in
1196 3168 1340 3232 »lamna«

181 3277 331 3354 mutavit,
364 3294 463 3358 quum
485 3293 523 3337 ea
544 3295 606 3339 vox
628 3294 667 3337 ex
697 3273 854 3338 sententia
883 3281 1076 3355 posceretur.
1122 3272 1183 3339 Sed
1207 3275 1259 3338 vix
1281 3270 1345 3337 illis

180 3384 257 3450 loeis
288 3379 470 3464 conjectura
499 3399 579 3462 opus
608 3387 672 3457 est,
704 3380 730 3444 si
760 3378 838 3443 illud
872 3379 984 3444 »lana«
1012 3380 1255 3463 pronuntiatum
1278 3397 1345 3441 esse

180 3498 239 3575 pro
265 3491 410 3555 »lamna«
435 3486 617 3569 accipimus.

287 3594 383 3661 Aliud
399 3599 505 3659 autern
520 3592 606 3677 apud
621 3591 805 3658 Petronium
821 3591 1054 3657 assimilationis
1069 3588 1246 3671 exemplum
1269 3588 1345 3653 mihi

180 3702 304 3767 ridetur
318 3702 351 3766 in
366 3700 469 3766 forma
487 3700 660 3782 Neptunno
678 3718 704 3762 c.
722 3703 763 3762 76
779 3699 886 3762 inesse.
919 3698 1023 3774 Quum
1037 3696 1121 3759 enim
1134 3693 1346 3759 Buechelerus

179 3807 343 3884 illelmo,
373 3813 410 3873 ut
432 3808 560 3872 studeat
585 3804 687 3888 plebis
710 3803 947 3878 consuetudini,
983 3800 1170 3882 »Neptuno«
1196 3802 1346 3884 conjiciat

49 3956 53 3965 ‚
180 3933 247 3977 esse
275 3912 438 3993 vulgarem
466 3911 652 3979 nominativi
681 3908 816 3974 formam
837 3906 962 3970 collatis
990 3907 1169 3972 nominibus
1193 3908 1344 3982 »Incubo

180 4017 325 4083 Talasio«
350 4017 435 4096 aliis,
458 4018 554 4082 etiam
577 4016 678 4098 magis
710 4014 751 4080 ad
784 4014 939 4078 rusticum
967 4035 1065 4097 genus
1089 4012 1287 4081 accedemus.
1319 4015 1345 4076 si
1394 4042 1399 4052 ·

180 4122 367 4205 Traguriani
391 4122 524 4188 formam
543 4125 719 4203 Neptunno
741 4142 798 4205 per
821 4123 979 4206 duplicem
1003 4123 1126 4187 literam
1147 4142 1170 4182 5
1193 4121 1347 4202 scriptam
