3059 4684
648 401 857 510 Aa..

171 616 269 684 quum
302 601 424 666 ratione
456 601 550 665 modo
585 604 728 684 exposito
760 603 841 667 bene
876 599 1052 682 explicetur
1083 599 1187 664 forma
1221 600 1334 678 activa,

170 705 254 771 malo
289 727 362 771 eum
392 706 574 773 Burmanno
606 707 762 775 levissima
796 706 973 772 mutatione
996 705 1034 770 H.
1058 705 1132 769 libri
1165 707 1334 772 lectionem

171 819 301 897 loquere
316 835 384 878 666
399 819 502 899 loquis
523 818 697 894 restituere,
722 835 803 898 quae
820 813 870 877 bis
886 811 1023 876 activam
1037 812 1170 876 formam
1193 812 1333 894 praebet.

170 956 213 969 -
245 920 478 986 remunerabat
501 944 527 989 6.
556 928 623 987 140.
662 922 700 986 ef.
724 918 938 986 remunerabit
961 918 1094 997 August.
1126 926 1247 1000 quaest.
1282 922 1331 980 76.
1372 968 1375 971 .

170 1032 350 1091 remunerat
379 1025 475 1091 Hebr,
503 1034 604 1110 11,6.
641 1029 678 1093 lt.
704 1049 729 1093 6.
754 1024 836 1092 Clar.
861 1031 1104 1089 remunerantur
1133 1045 1215 1107 pass.
1248 1023 1332 1088 Tert.

170 1135 227 1214 Ap.
252 1137 312 1212 46,
335 1155 362 1199 v.
385 1133 540 1203 Roensob.
563 1138 583 1205 l.
607 1159 633 1201 6.
657 1176 696 1189 -

273 1235 334 1303 Sed
356 1232 507 1307 nonnulla
529 1239 694 1310 Petronius
724 1242 822 1307 verba
851 1244 984 1320 usurpat
1013 1237 1213 1320 deponentia,
1247 1257 1331 1318 quae

169 1343 201 1406 in
236 1363 378 1409 sermone
412 1348 534 1414 urbano
572 1351 676 1415 aetina
708 1354 791 1414 sunt.
838 1345 877 1408 ef.
912 1347 1129 1408 delectaretur
1163 1345 1330 1406 dominam

169 1468 196 1511 6.
219 1452 269 1511 45.
314 1453 397 1515 aitte
428 1475 488 1518 nos
521 1458 693 1521 delectante
726 1476 751 1521 6.
785 1460 834 1517 64.
879 1452 988 1514 studia
1015 1451 1190 1532 fastiditus
1229 1468 1254 1509 e.
1279 1452 1329 1510 18,

169 1555 220 1618 die
242 1560 339 1621 aedes
360 1580 428 1623 666
449 1567 634 1627 somniatur
664 1584 689 1626 o.
715 1565 764 1625 57.
801 1562 906 1622 satius
928 1565 974 1620 eet
996 1558 1099 1618 rideri
1122 1575 1220 1638 quom
1243 1555 1330 1616 dere-

168 1660 288 1729 derio.
313 1668 363 1731 61,
399 1666 547 1731 rideatur
570 1673 654 1732 alios
677 1691 701 1734 6,
727 1673 777 1733 57.
811 1666 978 1747 pudeatur
1001 1667 1095 1726 illum
1120 1682 1143 1725 6.
1169 1666 1219 1725 47.

602 1779 631 1839 2.
678 1775 727 1837 De
743 1777 900 1856 flerione.

272 1876 436 1958 Agenore
460 1887 546 1946 recte
569 1882 791 1962 eleganterque
813 1877 938 1942 dicendi
962 1875 1082 1941 alienae
1111 1882 1186 1940 sunt
1212 1876 1333 1941 formae

168 1981 346 2060 nonnullae,
370 2005 449 2066 quas
473 1986 637 2053 Petronius
661 2007 699 2051 ex
721 1985 847 2068 vulgari
871 1982 1098 2049 consuetudine
1120 1981 1250 2063 recepit.
1288 1982 1332 2042 Ao

167 2087 297 2153 verbum
321 2078 458 2170 olendi,'
477 2093 562 2176 quod
592 2094 624 2156 in
654 2092 778 2156 urbano
805 2111 947 2156 sermone
970 2087 1143 2152 seeundum
1167 2085 1235 2148 ΙΙ8111
1258 2107 1333 2149 oon·

163 2195 358 2277 jugationem
381 2194 526 2276 flectitur,
560 2202 592 2266 in
616 2197 915 2263 1166666666.
939 2200 1033 2257 olunt
1055 2213 1085 2275 p.
1110 2196 1197 2256 olent
1212 2213 1252 2257 xe.
1280 2197 1331 2256 50.

166 2296 266 2378 Quam
289 2303 442 2367 rationem
463 2304 597 2371 Plautus
620 2326 746 2390 quoque
770 2309 897 2367 secutus
921 2306 969 2364 est
992 2299 1030 2364 oi.
1062 2301 1147 2364 olere
1165 2299 1259 2364 Most.
1281 2303 1332 2361 42.

165 2407 255 2473 olant
276 2404 440 2474 ieiunos.
465 2411 559 2476 Ρ666.
586 2417 611 2492 1,
627 2418 655 2489 2,
675 2417 724 2477 56.
747 2411 838 2493 frgm.
855 2430 884 2488 p.
906 2408 997 2470 1241.
1028 2406 1126 2470 tueris
1146 2404 1239 2468 True.
1256 2409 1329 2468 766.

165 2519 300 2577 contuor
322 2513 398 2578 Asin
422 2521 495 2594 403,
519 2526 577 2583 ete.
600 2540 628 2583 v.
652 2515 778 2582 Schmil.
802 2537 833 2598 p.
859 2517 910 2579 24.
940 2519 1092 2577 exercunt
1113 2513 1190 2576 Luc.
1215 2517 1265 2588 22,
1288 2516 1328 2574 25

165 2616 200 2682 ll.
218 2617 309 2684 codd.
327 2618 415 2687 Vero.
436 2621 560 2702 Veron,
584 2628 761 2705 extergunt.
794 2620 865 2685 Bar.
891 2625 920 2696 6,
946 2622 993 2682 12.
1017 2617 1118 2700 Vulg,
1142 2618 1257 2700 lugunt
1272 2616 1327 2683 Mt.

166 2725 194 2799 5,
218 2727 236 2787 5
261 2743 304 2789 66.
330 2723 419 2795 Cant.
443 2727 528 2796 Brix.
553 2728 635 2796 Glar.
659 2735 718 2796 eto.
742 2752 769 2797 v.
792 2726 946 2794 Boenseb.
970 2746 1022 2808 pp.
1047 2728 1120 2809 283,
1145 2729 1216 2790 284.

269 2829 320 2895 Ex
346 2831 377 2894 p
411 2840 516 2898 autem
543 2836 763 2920 conjugatione
793 2835 824 2897 in
855 2831 939 2896 fflum
964 2829 1096 2896 verbum
1120 2830 1329 2897 defraudandi

164 2935 290 3000 transiit
305 2959 331 3004 e.
349 2943 399 3018 69,
423 2962 487 3025 quo
507 2942 577 3008 loco
593 2941 631 3007 H.
648 2941 748 3008 codex
762 2941 934 3023 defraudet
949 2934 1089 3019 praebet,
1116 2935 1328 3003 Buechelerus

165 3039 300 3124 quidem,
323 3044 378 3127 qui
401 3044 527 3112 dubitat
550 3069 625 3112 num
648 3067 722 3112 vera
744 3045 869 3110 sitista
890 3043 1002 3122 lentio,
1034 3045 1219 3125 defraudat
1253 3045 1328 3109 sori-

163 3146 235 3229 psit,
258 3147 313 3211 sed
335 3170 398 3214 non
415 3150 530 3217 desunt
551 3152 616 3217 alia
637 3151 681 3214 1²⁹
701 3151 934 3235 conjugationis
950 3148 1062 3226 verba,
1086 3146 1222 3233 quorum
1241 3152 1329 3234 apud

163 3253 397 3336 antiquissimos
416 3260 584 3342 scriptores
601 3258 793 3325 61166111αθ
813 3257 891 3341 eonj.
915 3255 1018 3320 forma
1032 3262 1136 3322 extat:
1160 3258 1198 3325 ef.
1214 3259 1328 3336 lavare,

163 3361 283 3439 lavere;
317 3368 436 3442 sonare,
459 3386 586 3444 sonere,
609 3370 727 3443 tonare,
763 3372 888 3440 tonere‚
923 3360 993 3439 alia,
1016 3362 1077 3426 vid.
1102 3361 1189 3428 Neue
1211 3364 1240 3427 Il
1266 3370 1326 3428 321
1389 3347 1394 3352 ’

163 3488 230 3550 sqq.
278 3468 407 3533 Aeeedit
429 3472 515 3553 quod
537 3472 569 3534 iu
592 3472 663 3553 ipsa
688 3490 759 3533 voce
788 3467 1035 3533 »defraudendi«
1060 3465 1227 3533 offendisse
1252 3454 1354 3533 mihi*

164 3573 285 3653 videor,
309 3594 382 3638 uam
406 3597 503 3658 quum
529 3577 753 3642 »defraudem«
780 3578 813 3640 in
836 3575 904 3640 eod.
921 3573 1021 3640 Paris.
1046 3575 1137 3656 Apul.
1165 3574 1206 3640 M.
1223 3581 1251 3653 4,
1266 3578 1328 3639 292

163 3702 223 3764 pro
246 3680 475 3746 »defraudare«
512 3682 642 3764 legatur,
677 3683 766 3765 prior
798 3681 909 3756 forma,
944 3680 1002 3743 etsi
1034 3666 1097 3743 nou
1125 3687 1173 3745 est
1196 3681 1329 3763 Apuleji,

163 3793 268 3851 tamen
302 3807 340 3852 ex
374 3788 496 3852 librarii
527 3788 648 3853 rustica
681 3787 806 3852 dicendi
840 3785 1067 3851 consuetudine
1096 3786 1242 3868 proseuta
1272 3792 1327 3851 est.

162 3892 272 3977 Neque
296 3893 428 3958 dubium
460 3902 515 3970 est,
549 3893 626 3977 quin
648 3894 754 3959 Plauti
777 3892 858 3957 illud
881 3890 1087 3975 participium
1114 3891 1278 3956 »frausus«
1311 3914 1330 3955 a

161 3999 257 4062 verbo
286 3998 489 4064 »fraudendi«
516 4002 719 4068 derivandum
743 4000 793 4064 sit.
816 3997 856 4063 of.
879 4000 962 4064 Asin.
989 4003 1017 4076 2,
1043 4002 1071 4076 2,
1090 4002 1147 4061 2οι
1175 4016 1330 4078 »nequam

162 4105 308 4172 fraudem
320 4103 447 4173 frausus
459 4106 549 4173 siet«.
567 4105 678 4193 ltaque
686 4105 814 4171 Petron.
825 4125 852 4169 c.
862 4104 1052 4188 selegimus
1058 4103 1331 4185 6616166665-
