3059 4684
715 448 737 516 6

144 644 246 709 sulum
269 642 406 728 repetita
427 643 538 709 eadem
561 644 724 726 scriptura
739 640 901 723 firmatur,
924 643 981 708 sed
1003 642 1098 707 etiam
1113 642 1307 708 auctoritate

145 748 286 814 thesauri
317 749 527 832 antiquissimi
550 772 570 813 a
593 747 676 813 Maio
707 746 784 813 editi
808 749 860 830 (cl.
886 754 984 814 66611.
1008 746 1111 832 Vill),
1141 767 1236 829 quem
1254 748 1308 812 illa

147 874 188 917 »a
208 854 416 937 grammatico
440 855 473 920 in
495 861 638 921 veterum
661 854 864 919 classicorum
890 853 1024 918 16611666
1047 852 1138 918 valde
1160 858 1304 919 versato«

145 957 323 1024 conlectum
354 978 421 1025 esse
451 966 564 1024 666661
610 959 668 1024 illo
698 959 781 1023 euim
811 960 844 1024 in
873 959 1028 1040 glossario
1052 959 1096 1042 (p.
1125 961 1203 1043 177)
1228 959 1307 1025 haec

143 1065 247 1130 iuveni
262 1063 376 1131 verba:
401 1064 619 1142 »deverbium‚
642 1065 817 1143 canticum,
841 1064 928 1148 quod
950 1069 1024 1129 aute
1046 1070 1207 1131 mortuum
1221 1065 1307 1130 caui·

144 1176 227 1234 tur«.
263 1169 496 1235 Adamaverunt
518 1176 626 1236 autem
647 1170 679 1234 in
702 1170 824 1236 rustica
846 1167 1073 1235 cousuetudine
1095 1171 1152 1234 dc·
1175 1188 1234 1252 pro
1254 1171 1306 1233 di-

143 1273 250 1356 16661,
264 1273 302 1338 cf.
320 1276 605 1357 grammaticorum
626 1281 801 1360 praecepta
826 1275 921 1340 hacc:
947 1273 1153 1341 »diluculum
1168 1294 1230 1339 nou
1254 1273 1308 1338 do·

143 1379 303 1444 luculum«
327 1378 396 1445 Juc.
424 1379 464 1444 de
492 1381 630 1463 orthogr.
655 1384 740 1445 2783
763 1380 815 1458 Ρ.;
844 1379 1011 1445 dimidium
1040 1400 1103 1444 uon
1133 1379 1304 1447 demidium

145 1485 224 1568 App.
240 1483 333 1549 Prob.
361 1488 439 1562 198,
463 1489 503 1549 26
519 1484 572 1564 K3
594 1485 657 1550 alia
681 1486 826 1568 exempla
844 1485 916 1551 vide
930 1506 979 1568 ap.
995 1482 1130 1549 Schuoh.
1147 1482 1194 1561 11,
1216 1505 1246 1566 p.
1264 1488 1301 1551 71

122 1587 296 1672 ’611116
325 1593 402 1670 192,
428 1589 544 1673 quibus
566 1612 629 1657 666
653 1590 765 1656 dubito
787 1589 927 1657 Petronii
950 1592 1137 1661 6666161661
1161 1587 1306 1672 adjicere
1362 1674 1364 1676 ,

144 1692 255 1775 Neque
277 1694 379 1759 minus
395 1691 436 1759 ob
451 1715 595 1761 caussam
610 1717 707 1779 supra
721 1696 898 1778 expositam
913 1694 1154 1763 Trimalchionis
1176 1692 1306 1759 verbum

143 1800 382 1880 6666666666
395 1819 423 1863 6.
442 1805 500 1877 74,
516 1800 603 1884 quod
618 1802 650 1865 in
664 1800 700 1864 H.
718 1801 828 1868 codice
842 1807 945 1880 extat,
960 1821 1155 1884 quamquam
1167 1797 1307 1864 Bueche-

144 1906 230 1971 lerus
258 1907 489 1986 denunciamus
517 1907 659 1988 scripsit,
689 1906 765 1971 mihi
792 1906 1064 1990 comprobandum
1086 1905 1219 1970 videtur.
1266 1903 1308 1970 At

145 2010 302 2094 quispiam
313 2009 477 2091 vulgarem
488 2009 624 2077 formam
639 2011 725 2077 illius
741 2011 826 2076 vocis
838 2030 905 2077 esse
915 2013 1171 2093 dupunduariua
1182 2009 1306 2097 dixerit,

146 2136 244 2199 quum
276 2133 302 2178 6.
333 2118 376 2178 18
404 2115 600 2196 66666611,
616 2119 885 2198 dupunduarz‘ua,
919 2118 1079 2197 dupondii
1106 2113 1306 2198 libeerrag.

144 2218 313 2304 praebeat!
357 2216 421 2285 Sed
450 2219 483 2282 iu
512 2221 634 2286 rustica
655 2222 871 2303 enuntiatione
900 2221 1016 2287 illudi
1041 2217 1253 2286 deflectebant
1275 2221 1306 2285 in

143 2332 313 2408 utramque
335 2330 481 2409 partum:¹
500 2325 540 2390 61
562 2327 714 2409 pontufex
730 2327 761 2392 O.
780 2328 801 2391 1.
817 2326 851 2390 L.
876 2331 956 2403 474,
980 2329 1060 2404 620,
1087 2328 1187 2401 1122,
1214 2330 1306 2399 1468,

144 2437 177 2495 61
199 2427 386 2513 ponteficum
409 2428 499 2494 Grut.
523 2434 596 2510 836,
620 2438 640 2497 8
663 2470 704 2480 --
728 2431 913 2515 duplomum
936 2428 1016 2496 Mur.
1040 2434 1120 2507 561,
1150 2430 1305 2506 161116

143 2538 306 2621 plumator
329 2557 378 2619 ap.
406 2533 565 2618 Gangium.
590 2575 630 2584 -
655 2537 853 2620 dupondium
875 2537 947 2601 Arc.
974 2542 1007 2612 1,
1030 2533 1135 2600 Grom.
1162 2540 1238 2613 167,
1266 2541 1301 2600 11

144 2646 177 2709 61
195 2640 355 2727 depuudio
370 2640 569 2707 Gudiirom.
596 2646 657 2707 167
682 2649 749 2720 616,
772 2641 806 2709 61
832 2639 967 2707 Schuch.
991 2640 1021 2704 ll
1045 2645 1108 2705 218
1131 2662 1199 2723 sqq.
1234 2641 1305 2708 Non

143 2750 326 2833 igiturest,
356 2764 413 2812 cur
435 2746 577 2812 Petronii
604 2747 739 2813 formam
769 2748 1021 2828 depondiarr'aa,
1044 2747 1111 2812 etsi
1127 2746 1198 2812 aliie
1225 2746 1304 2823 16616

144 2856 400 2937 depandamus
422 2857 481 2918 616.
502 2853 634 2930 dicitur,
657 2852 873 2936 repudiemus,
895 2853 1082 2936 praesertim
1105 2871 1204 2933 quum
1226 2853 1305 2921 haec

144 2962 186 3027 sit
209 2981 227 3024 6
248 2958 353 3024 verbis
376 2957 633 3037 Trimalchionis,
655 2960 712 3024 illa
734 2960 790 3025 alii
810 2958 926 3025 liberto
950 2957 1089 3041 propria

247 3071 279 3149 ,6.
303 3086 326 3127 6
344 3084 408 3145 pro
431 3068 448 3127 i.
494 3087 518 3128 6
541 3065 674 3145 vocalis,
697 3085 780 3149 quae
801 3065 833 3129 in
855 3063 962 3146 prisca
979 3061 1139 3128 latinitate
1161 3067 1235 3131 ante
1256 3063 1303 3126 la·

137 3171 359 3254 11616666,
383 3176 423 3255 f,
453 3193 486 3235 m
516 3168 720 3249 audiebatur,
751 3176 858 3236 aetate
887 3169 1079 3252 optimorum
1108 3168 1303 3251 scriptorum

140 3283 296 3358 tanquam
311 3276 546 3360 tpronuntiata
567 3281 631 3356 eet;
654 3274 707 3341 sed
731 3275 763 3339 in
786 3271 1085 3357 sermonculebejo,
1101 3273 1228 3358 vquippe
1250 3274 1305 3355 qui

143 3381 331 3465 plerumque
353 3383 476 3464 antiqui
497 3387 547 3447 est
569 3387 679 3458 tenax,
709 3380 798 3464 prior
826 3401 922 3445 sonus
949 3386 1092 3444 servatus
1113 3384 1176 3455 est,
1207 3398 1305 3461 quam

143 3488 299 3554 rationem
318 3485 429 3552 Cicero
452 3488 604 3554 rusticam
628 3507 695 3552 esse
718 3485 806 3551 dixit
851 3486 1058 3568 Antiquitatia
1081 3484 1223 3565 exempla
1244 3482 1303 3547 rid.

144 3614 193 3676 ap.
217 3591 375 3658 Huebuer.
405 3593 468 3659 ind.
493 3593 526 3657 O.
549 3594 572 3656 Ι.
591 3593 644 3670 L.;
678 3613 717 3656 ex
740 3592 889 3657 thesauro
912 3591 1032 3655 rustico
1054 3609 1158 3672 pauca
1179 3595 1304 3653 tantum

143 3698 235 3783 quasi
257 3696 420 3764 delibabo:
444 3699 581 3765 casubus
603 3697 697 3763 Stein.
721 3696 754 3761 G.
777 3696 800 3761 I.
817 3697 853 3759 Ι).
875 3701 907 3761 61
929 3695 987 3761 Rh.
1014 3698 1115 3774 16793
1137 3693 1207 3760 subi
1229 3692 1304 3758 ibid.

147 3809 246 3883 188·1;
276 3803 456 3887 dissupatos
478 3801 501 3867 1.
525 3803 562 3866 Ν.
591 3808 692 3883 67]9;
719 3803 904 3885 duplomum
928 3799 1007 3866 Mur.
1032 3804 1112 3880 664,
1145 3803 1159 3862 l
1186 3806 1254 3879 616,
1277 3818 1303 3862 r.

143 3908 405 3974 8611661111218
428 3930 496 3991 sqq.
531 3906 603 3972 Huc
625 3908 723 3988 igitur
744 3905 909 3971 referimus
925 3903 1065 3973 Petronii
1085 3906 1305 3973 6666611666

144 4035 169 4079 6.
193 4018 252 4091 48,
282 4033 379 4096 quam
408 4015 577 4078 lectionem
599 4010 745 4076 Kellerus
774 4009 931 4093 probante
954 4009 1145 4076 Buechelerc
1172 4030 1212 4074 ex
1234 4007 1302 4073 cod.

143 4120 235 4201 drag.
257 4119 419 4201 scriptura
433 4119 652 4184 6666666666
676 4135 867 4200 cognoscere
889 4114 949 4181 eibi
964 4114 1138 4185 videbatur
1155 4153 1195 4162 -
1212 4115 1303 4179 Adde
