3059 4684
723 406 773 476 20

163 603 278 687 rapina
291 600 401 694 Qatnu
423 623 448 667 r.
466 625 491 668 r.
515 609 550 682 5,
574 607 609 681 83
633 599 728 668 Orell.
750 600 842 667 inscr.
865 627 894 669 n.
911 606 1019 686 2270),
1042 608 1215 671 intestinas
1237 626 1328 670 meas

165 730 190 773 o.
216 712 264 773 76.
290 747 329 756 -
352 707 424 773 Jam
446 709 511 774 alia
532 730 570 774 ex
600 713 693 792 parte
715 705 883 774 Petronius
909 730 1013 793 pauca
1041 732 1169 794 quoque
1191 714 1327 789 nomina,

163 835 245 897 quae
266 814 342 880 boni
364 815 536 896 scriptores
552 813 723 879 secundam
738 813 791 875 1⁸³n
803 812 1045 881 declinationem
1060 813 1209 896 flectunt,
1233 817 1326 882 alteri

163 920 291 999 tribuit3
302 925 376 984 sunt
387 919 481 983 haec:
496 923 686 982 statunculo
697 940 757 1001 pro
769 926 977 985 statunculus
990 942 1014 984 c.
1029 926 1089 998 503
1105 926 1325 1004 marparitum

162 1048 221 1111 pro
243 1030 429 1108 marqariia
454 1047 479 1089 c.
504 1029 561 1103 63,
584 1029 759 1108 quisquilia
782 1047 842 1109 pro
858 1029 1052 1108 quisquiliae
1076 1034 1124 1092 75.
1170 1026 1216 1090 Ac
1242 1031 1326 1090 »sta-

163 1132 347 1197 tunculum«
365 1131 488 1213 generis
505 1131 648 1196 neutrius
670 1129 800 1195 verbum
818 1129 961 1195 Donatus
977 1135 1121 1214 agnoscit
1135 1156 1164 1216 p.
1185 1137 1266 1195 1717
1284 1128 1326 1224 P„

163 1236 248 1322 quod
279 1237 375 1303 etiam
404 1233 616 1302 Tertullianus
646 1244 679 1302 et
708 1235 885 1319 Cyprianus
915 1237 1083 1317 adhibent,
1112 1238 1261 1321 quodque
1292 1237 1324 1299 in

162 1344 243 1411 med.
266 1341 335 1407 aevi
356 1339 515 1405 latinitate
538 1339 676 1425 (langius
700 1349 815 1408 auctor
837 1348 885 1405 est
907 1342 1052 1422 inveniri,
1083 1353 1120 1409 ut
1139 1344 1205 1409 sine
1227 1343 1324 1407 dubio

160 1472 200 1517 ea
227 1450 331 1517 forma
359 1447 495 1513 sermoni
526 1448 648 1532 vulgari
678 1449 869 1513 vindicanda
901 1450 943 1514 sit
1002 1450 1044 1514 Et
1076 1451 1320 1531 »margaritum«

161 1556 325 1638 vulgarem
348 1574 414 1619 esse
436 1551 570 1618 formam
595 1555 669 1619 mihi
690 1555 901 1639 persuadetur
929 1555 1080 1639 exemplis
1110 1576 1217 1621 eorum
1247 1556 1323 1620 scri·

147 1660 303 1747 piorum,
328 1660 382 1742 qui
397 1661 517 1725 rustica
532 1659 655 1725 dicendi
671 1661 793 1725 ratione
808 1667 951 1740 utuntur,
975 1662 1013 1725 ci.
1030 1661 1150 1726 Vitruv.
1166 1666 1203 1738 8,
1219 1666 1254 1737 3,
1277 1666 1320 1724 19.

53 1842 58 1850 ¹
161 1767 289 1833 Tertull.
320 1765 413 1830 Mart.
438 1771 464 1828 4.
516 1762 642 1831 Hieron.
674 1768 723 1831 ad.
747 1765 834 1832 Laet
858 1786 884 1830 c.
917 1772 1016 1830 leto.
1072 1766 1321 1847 »Quisquilium«

161 1871 296 1954 denique
323 1870 455 1936 formam
486 1870 643 1956 plebejam
674 1892 741 1937 esse
772 1871 896 1936 duobus
926 1872 1142 1938 vetustissimis
1164 1872 1324 1954 glossariis

160 1977 238 2043 mihi
260 1977 461 2059 comprobari
484 1977 608 2043 videtur
630 1977 690 2043 vid.
716 1978 869 2045 Dieffenb.
891 2000 914 2042 s.
936 1978 965 2041 h.
989 1999 1015 2041 v.
1038 2015 1082 2026 -

228 2158 233 2169 ι
264 2081 410 2148 Etertia
430 2102 504 2148 vero
527 2083 739 2153 declinatione
768 2088 801 2151 in
830 2082 1001 2152 secundam
1024 2082 1105 2147 haec
1127 2084 1322 2148 transierunt

160 2191 302 2257 nomina:
320 2193 428 2253 *casus
451 2210 477 2254 o.
501 2195 541 2254 57
570 2213 685 2257 casum
714 2215 738 2258 o.
763 2199 813 2257 51.
847 2212 907 2276 pro
931 2211 1009 2264 vas,·
1044 2190 1178 2255 formam
1209 2191 1321 2271 ampli-

158 2294 287 2361 ficatam
317 2319 337 2362 a
364 2296 456 2380 plebe
479 2298 661 2390 adamatam
695 2319 763 2365 esse
785 2299 918 2365 Plautus
952 2293 1056 2378 (Truc.
1083 2296 1092 2357 l
1121 2300 1147 2374 1,
1172 2301 1221 2360 33.
1255 2299 1320 2377 34),

160 2401 240 2468 (lato
273 2402 340 2484 (cfr.
372 2402 450 2468 Gell.
477 2409 524 2484 13,
556 2406 626 2487 23),
662 2405 824 2469 Vitruvius
854 2405 903 2487 (8,
941 2408 966 2481 1,
991 2405 1023 2482 4)
1057 2409 1205 2466 auctores
1235 2408 1320 2465 sunt.

160 2509 198 2574 ci.
212 2514 380 2593 praeterea
390 2508 426 2573 lt
436 2510 525 2595 Hisp.
540 2533 663 2578 »uaso«.
675 2550 714 2559 -
724 2511 883 2594 Sequatur
890 2507 1029 2573 Petronii
1040 2505 1145 2572 forma
1152 2528 1320 2588 paupero-

160 2637 232 2678 rum
268 2635 292 2678 c.
324 2618 374 2677 46.
431 2615 535 2698 Atque
571 2618 701 2684 eandem
736 2615 946 2680 Buechelerus
979 2616 1113 2682 formam
1151 2611 1246 2678 affert
1280 2634 1321 2676 ex

157 2721 362 2805 inscriptione
397 2721 439 2785 IV
462 2724 577 2800 seculi,
620 2743 702 2805 quae
732 2723 875 2804 corporis
900 2720 1091 2786 Heuzeniani
1121 2726 1170 2785 est
1203 2723 1320 2798 7355⁸.‚

158 2833 191 2892 et
204 2827 398 2892 Roenschius
420 2832 462 2911 (p.
484 2832 560 2910 275)
584 2850 622 2893 ex
644 2828 706 2892 Ital
738 2827 827 2892 codd.
852 2826 957 2909 Regin.
981 2834 1014 2891 et
1032 2825 1120 2891 Sues.
1144 2825 1220 2891 Tob.
1247 2831 1274 2904 2,
1293 2831 1326 2890 3.,

158 2929 218 2996 Hic
242 2952 368 3016 quoque
390 2955 570 3017 »paupera«
596 2934 665 2999 fem.
691 2934 776 3016 sing,
800 2953 883 3015 quae
904 2931 1006 2996 forma
1028 2932 1123 2997 etiam
1138 2932 1244 2997 Plauti
1264 2939 1320 3008 est,

157 3036 231 3120 (vid.
255 3035 341 3101 Neue
364 3037 401 3116 11,
425 3043 458 3118 8)
488 3059 527 3103 ex
557 3041 606 3106 od.
629 3039 779 3105 Cantaba
803 3039 878 3103 Luc.
903 3044 954 3116 21,
979 3043 1022 3116 3.,
1052 3059 1091 3102 ex
1116 3060 1159 3104 cc.
1183 3038 1264 3103 Clar.
1287 3044 1320 3100 et

156 3142 260 3207 Germ.
295 3141 406 3208 lGor.
440 3150 488 3221 15,
515 3149 554 3210 10
589 3146 711 3229 adjecit
763 3143 920 3226 Equidem
950 3143 1090 3224 ejusdem
1121 3142 1319 3210 formationis

156 3268 260 3331 pauca
282 3244 412 3313 afferam
434 3252 584 3334 exempla,
614 3272 697 3334 quae
721 3249 844 3316 offendi.
890 3251 998 3332 Atque
1022 3251 1185 3332 Isidorum,
1208 3254 1263 3333 qui
1286 3254 1319 3317 iu

156 3352 322 3438 etymolog.
354 3354 487 3437 append.
510 3355 556 3420 111
581 3362 621 3421 33
652 3353 755 3439 (till
779 3355 825 3420 ed.
851 3356 988 3437 Areual.)
1018 3358 1157 3440 explicat
1187 3361 1319 3424 »mulier

155 3479 286 3544 pauper,
309 3482 373 3525 uon
394 3481 557 3545 paupera«
582 3480 673 3526 nemo
691 3460 824 3543 negabit
838 3461 972 3526 alteram
990 3463 1123 3526 formam
1139 3465 1319 3548 vituperare

155 3566 246 3648 quasi
268 3565 436 3649 uulgarem.
475 3567 595 3632 Deinde
619 3568 732 3651 adject
758 3589 955 3652 »pauperos«
980 3567 1013 3630 iu
1038 3574 1143 3632 vetere
1167 3570 1319 3635 thesauro

155 3693 175 3736 a
204 3669 289 3736 Maio
321 3670 406 3737 edito
440 3677 528 3737 extat
562 3673 601 3738 cl.
630 3680 729 3740 anctt.
760 3673 835 3737 Vlll
869 3695 900 3755 p.
924 3678 996 3736 457.
1031 3694 1061 3754 p.
1090 3678 1162 3735 475.
1207 3672 1318 3757 Neque

152 3777 308 3845 italorum
333 3797 487 3860 »pavero«
512 3800 533 3846 a
557 3798 706 3862 »pauper
740 3819 769 3826 -
796 3778 910 3860 peris«,
943 3778 998 3841 sed
1022 3778 1062 3843 ab
1086 3780 1189 3844 altera
1210 3781 1316 3846 forma

157 3903 335 3966 »pauperos
356 3883 398 3962 i«,
421 3883 599 3966 profectum
622 3890 678 3950 est.
723 3906 749 3949 v.
775 3883 859 3962 Diez,
883 3883 895 3945 l
919 3903 948 3963 p.
974 3887 1023 3947 22.
1048 3922 1087 3932 -

257 3986 347 4053 Nunc
368 3989 528 4053 veniamus
550 3990 593 4055 ad
616 4010 653 4055 ea
677 3990 812 4054 Petronii
836 3989 1000 4061 vocabula,
1032 4010 1114 4073 quae
1137 4012 1176 4055 ex
1199 3998 1315 4073 quarta

153 4093 363 4160 declinatione
380 4095 413 4158 in
429 4095 599 4159 secundam
621 4094 823 4172 memmerunt,
841 4095 929 4160 dico:
950 4099 1039 4177 qussi
1051 4117 1082 4177 p.
1096 4099 1319 4177 9111111176.
