3059 4684
693 369 902 479 Α

220 578 316 651 lium,
351 592 433 657 quae
467 572 501 636 in
535 569 669 653 eleganti
702 577 800 652 atque
830 566 953 633 urbano
984 580 1127 627 sermone
1156 564 1230 623 sunt
1258 557 1381 641 generis

219 680 327 744 femini
350 679 389 743 cf.
412 700 441 760 p.
467 683 517 742 20.

541 919 570 988 b.
624 923 679 987 be
709 917 1068 1025 conjugatione.

619 1072 643 1131 l.
691 1067 739 1129 De
759 1084 877 1147 penore
899 1062 996 1125 verbi.

326 1205 361 1269 ln
385 1206 494 1285 lingna
516 1206 617 1271 latina
639 1205 681 1270 ab
703 1206 794 1270 initio
816 1206 895 1268 baec
925 1202 989 1267 duo
1009 1220 1124 1284 genere
1146 1199 1281 1268 fuerunt,
1304 1191 1383 1256 acti·

224 1331 296 1374 rum
320 1318 351 1373 et
375 1309 519 1388 medium,
547 1332 682 1394 quorum
705 1311 766 1374 hoo
788 1312 834 1376 ita
855 1317 965 1375 natum
986 1316 1051 1386 est,
1081 1312 1118 1371 ut
1140 1302 1249 1370 formis
1272 1296 1383 1362 activis

221 1436 394 1499 pronomen
415 1435 449 1478 ee
471 1414 681 1497 suffigeretur.
727 1416 768 1481 lis
790 1424 897 1480 autem
923 1416 1010 1480 notio
1041 1415 1143 1478 inerat
1164 1409 1291 1474 minime
1313 1425 1383 1487 pes·

221 1521 295 1597 siva,
319 1520 373 1583 sel
399 1520 480 1598 talis,
503 1541 585 1603 quae
607 1521 648 1586 ab
672 1523 777 1588 activa
792 1504 935 1604 proxime
953 1520 1082 1598 aberat;
1104 1517 1160 1584 ubi
1182 1535 1256 1579 vero
1272 1516 1383 1595 postea

221 1647 318 1709 genus
340 1626 500 1707 passivum
522 1648 539 1690 e
561 1626 664 1693 medio
686 1627 866 1710 profectum
888 1635 950 1705 est,
985 1646 1082 1708 quum
1113 1620 1241 1687 eaedem
1263 1620 1383 1684 formae

222 1732 350 1813 utrique
371 1732 477 1813 generi
500 1738 618 1810 essent,
646 1755 665 1798 e
686 1753 830 1799 sermone
850 1733 985 1811 rustico,
1009 1732 1065 1813 qui
1087 1728 1188 1794 solam
1211 1722 1383 1808 perspicui·

222 1844 322 1902 tatem
344 1837 532 1922 appetebat,
566 1837 663 1903 verba
685 1839 790 1904 media
811 1845 1021 1914 evanuerunt,
1051 1856 1109 1920 pro
1140 1832 1256 1917 quibus
1285 1825 1383 1893 rerba

222 1944 327 2007 activa
359 1942 605 2025 usurpabantur.
657 1942 755 2026 eujus
789 1945 919 2010 rationis
951 1943 1096 2028 exempla
1128 1943 1243 2024 poetae
1272 1934 1384 2000 comici

222 2047 372 2111 exhibent
404 2048 519 2111 multa:
560 2045 599 2110 ci.
627 2044 824 2128 abominare,
858 2049 1064 2132 amplectere,
1102 2046 1298 2130 amplexare,
1334 2063 1384 2106 ar-

223 2151 345 2215 bitrare
367 2158 436 2230 etc,
465 2174 492 2216 v.
516 2150 714 2217 Schmilinsk.
737 2174 766 2235 p.
793 2158 921 2218 21-23
946 2163 978 2220 et
1003 2155 1090 2220 Neue
1111 2153 1150 2232 Il,
1172 2176 1202 2236 p.
1231 2155 1290 2214 188
1315 2170 1382 2231 sqq.

221 2258 270 2321 Ex
292 2259 414 2324 rustice
434 2265 539 2325 autem
562 2258 726 2323 literarum
755 2266 860 2325 aetate
883 2259 1074 2326 Munckerus
1097 2258 1246 2327 nonnulla
1269 2256 1381 2322 attulit

115 2433 117 2437 ,
221 2363 263 2428 ad
296 2362 374 2447 Hyg.
405 2365 424 2430 f.
453 2368 523 2442 100,
556 2386 587 2448 p.
615 2368 684 2444 188,
717 2366 764 2431 ed.
796 2364 889 2446 Stav,
920 2388 1015 2448 quam
1038 2368 1164 2450 copiam
1189 2361 1383 2430 Boenscbius

220 2470 384 2551 permultis
395 2471 543 2553 exemplis
566 2492 605 2536 ex
617 2470 700 2537 Itala
721 2471 895 2556 desumptis
911 2475 1000 2537 auxit
1023 2495 1051 2554 p.
1074 2477 1136 2537 297
1152 2491 1159 2534 :
1175 2470 1213 2536 ci.
1230 2466 1382 2534 calumni-

220 2598 290 2653 are,
326 2577 484 2658 confitere,
520 2579 715 2661 depraedare
738 2586 807 2656 ete,
840 2578 956 2662 quibus
982 2599 1085 2662 pauca
1118 2577 1269 2661 adjunge,
1300 2594 1383 2658 quae

219 2687 250 2748 in
275 2686 343 2765 lege
365 2684 477 2771 Salina
493 2686 656 2767 leguntur:
683 2693 808 2764 testare,
832 2683 1003 2766 negotiare,
1025 2684 1148 2759 morire,
1173 2700 1313 2764 sequere.
1335 2680 1381 2743 lo·

137 2812 139 2815 ·
221 2810 332 2871 quere,
366 2791 452 2876 quod
476 2793 570 2855 etiam
593 2790 733 2857 Petronii
763 2809 831 2855 esse
852 2788 1145 2853 demonstrabimus.
1189 2786 1259 2856 Non
1283 2786 1382 2865 igitur

221 2915 412 2980 quemquam
434 2895 578 2960 existimo
601 2893 757 2970 dubitare,
793 2896 871 2976 quin
903 2895 936 2959 in
959 2913 1103 2958 sermone
1131 2892 1256 2976 plebejo
1280 2889 1383 2954 rarior

219 2999 315 3065 inerit
349 3003 473 3083 generis
495 3000 680 3083 deponentis
710 3020 801 3078 usus,
834 3000 869 3065 id
891 2999 978 3082 quod
1013 3000 1045 3064 in
1076 2998 1233 3064 nonnullis
1256 3016 1383 3081 quoque

219 3105 358 3169 Petronii
376 3107 479 3171 verbis
494 3105 733 3172 observavimus.
758 3105 796 3170 of
813 3111 1009 3186 amplexam,
1026 3114 1107 3188 part.
1126 3128 1207 3190 pass.
1225 3105 1335 3186 fragm.
1353 3111 1381 3167 5.

218 3232 248 3293 p.
281 3214 352 3275 207.
400 3211 437 3275 cf.
461 3210 583 3274 Plauti:
618 3211 836 3293 amplectitote
869 3210 949 3276 Rud.
978 3215 1050 3278 818.
1086 3212 1263 3293 amplexam
1297 3217 1380 3292 part.

218 3336 298 3399 pass.
317 3314 380 3380 Mil.
398 3316 438 3398 gl.
463 3319 535 3382 507.
559 3318 770 3399 complectere
784 3316 904 3381 Vitruv.
925 3320 973 3395 10,
991 3320 1019 3396 2,
1038 3321 1085 3383 ll.
1110 3355 1150 3364 -
1175 3322 1382 3399 arnpleearet

187 3414 193 3425 ’
219 3444 244 3487 e.
270 3426 310 3485 63
366 3421 404 3486 ci.
426 3420 530 3487 Plaut.
554 3426 749 3503 amplexato
776 3424 871 3489 Poen.
897 3430 924 3503 5,
940 3428 968 3504 4,
993 3428 1043 3490 60,
1070 3461 1108 3471 -
1125 3432 1261 3507 arpclat
1284 3443 1302 3485 o
1328 3427 1380 3485 48.

138 3513 141 3521 ’
218 3538 355 3609 erperae
379 3533 428 3593 57.
467 3566 502 3577 -
539 3531 714 3592 convivare
744 3550 770 3595 c.
799 3536 849 3594 57.
884 3530 923 3593 of.
949 3529 1098 3612 Pompon.
1130 3536 1162 3593 et
1193 3529 1268 3592 Eun.
1301 3524 1378 3590 Non.

219 3657 248 3715 p.
272 3638 345 3700 474.
370 3670 411 3683 -
434 3636 651 3715 exopiniesent
681 3634 775 3716 (conj.
798 3639 911 3717 praes.)
943 3655 968 3699 c.
994 3640 1044 3714 62,
1074 3641 1225 3718 quaeest
1247 3633 1381 3716 amplior

217 3740 320 3804 forma
341 3741 427 3805 verbi
460 3738 659 3821 »exopinor«.
684 3775 725 3786 -
751 3742 935 3805 exhortavit
958 3761 984 3805 c.
1011 3745 1059 3816 76,
1083 3740 1121 3804 cf.
1144 3741 1254 3805 hortat
1276 3739 1378 3805 Plaut.

217 3844 302 3910 Asin.
327 3851 399 3911 512.
435 3846 622 3911 exhortatus
644 3866 722 3923 sum,
745 3867 828 3928 pass.
852 3847 1105 3922 psaltriam.
1130 3846 1166 3911 lt.
1184 3846 1252 3910 eod.
1268 3845 1379 3910 Veron.

218 3990 257 3999 -
282 3954 379 4033 {quta
402 3959 445 4023 111,
470 3956 526 4032 qui
545 3956 655 4033 potes]
677 3957 814 4039 loquere,
837 3955 946 4034 [non]
969 3957 1072 4034 loquis
1099 3974 1124 4017 c.
1149 3957 1199 4033 46,
1222 3972 1285 4034 quo
1309 3952 1380 4019 loco

217 4057 428 4133 Buechelerus
443 4054 637 4137 Sebefferum
653 4068 781 4123 secutus
805 4064 894 4145 loqui
916 4080 982 4119 reon
1006 4063 1135 4150 toquere
1150 4058 1283 4143 scripsit.
1319 4058 1381 4123 Sed
