3059 4684
781 398 942 478 31,

223 600 307 666 unde
330 597 558 665 conclusionem
574 596 678 661 facere
699 594 791 669 licet,
813 592 898 657 hanc
914 591 1174 658 consuetudinem
1189 592 1221 656 in
1244 611 1388 658 sermone

223 706 360 788 vulgari,
391 705 445 787 qui
468 702 591 784 antiqui
613 708 663 767 001
684 701 838 776 retinens,
860 698 1011 762 usitatam
1033 697 1149 775 fuisse3
1174 697 1212 763 cf.
1237 697 1389 780 aequiter,

224 810 380 887 amiciter,
406 799 593 886 amoeniter,
613 808 775 891 ampliter,
799 806 954 889 asperiter
978 811 1046 886 etc,
1069 803 1130 868 vid.
1148 803 1237 870 lexic.
1250 802 1387 870 Plautio.

223 916 324 995 Parei,
348 915 525 995 benigniter
547 913 731 994 11110119,
754 913 876 977 duriter
895 909 985 977 Gaec.
1012 916 1070 989 42,
1093 909 1170 976 Nov.
1196 915 1256 989 99,
1282 910 1388 976 Afran.

226 1027 305 1101 201,
329 1019 481 1085 festiviter
496 1019 573 1086 Nor.
594 1025 652 1099 40,
674 1019 869 1086 iracunditer
884 1019 983 1085 ano..
1001 1024 1060 1096 78,
1083 1022 1144 1081 etc.
1166 1016 1227 1081 rid.
1244 1014 1332 1079 Neue
1350 1014 1389 1091 Il,

225 1150 254 1209 p.
289 1131 361 1192 600.
416 1129 521 1207 Atque
554 1126 640 1208 apud
670 1122 855 1190 Petronium
888 1125 969 1192 haec
1000 1122 1144 1205 exempla
1173 1120 1389 1185 inveniuntur:

224 1234 412 1315 improbiter
436 1235 493 1312 66,
518 1235 653 1312 turpiter
677 1237 734 1312 71,
752 1235 908 1312 pauciter
934 1233 1012 1305 103,
1042 1231 1180 1308 palpiter
1210 1226 1320 1309 fragm.
1351 1227 1389 1307 11,

225 1360 254 1421 p.
280 1342 361 1416 209,
384 1356 466 1417 0000
489 1335 575 1418 apud
597 1336 732 1400 Neuium
755 1334 907 1400 desidero.

576 1523 606 1593 5.
640 1526 686 1593 Dc
708 1526 802 1593 verbi
824 1525 1038 1592 derivatione.

330 1651 448 1717 Eadem
464 1654 602 1730 ratione,
627 1653 736 1733 quain
752 1672 896 1717 sermone
910 1650 1036 1734 plebejo
1052 1649 1174 1717 suffixis
1189 1650 1390 1714 deminutivis

225 1756 385 1821 nominum
397 1757 517 1823 formae
533 1756 782 1839 amplificantur,
802 1779 899 1840 quum
915 1756 1053 1822 noticiis
1068 1758 1204 1839 genuina
1219 1767 1389 1838 remaneat,

224 1882 319 1944 saepe
348 1862 399 1943 fit,
430 1871 547 1945 utpro
572 1864 993 1947 Ι01010110100011000101100
1023 1861 1126 1927 torma
1156 1861 1391 1944 frequentativa

225 1968 274 2030 vel
296 1969 477 2033 inchoativa
499 1976 685 2050 usurpetur3
710 1969 747 2034 cf.
763 1971 867 2036 Plaut.
891 1990 938 2034 vr.
961 1967 1195 2049 frequentativa
1220 1970 1315 2036 haec:
1338 1992 1391 2038 ac-

227 2075 379 2153 cusitare,
403 2073 563 2155 adjutare,
585 2075 783 2158 amplexare,
801 2073 959 2150 cubitare,
983 2073 1263 2152 circumvectitari,
1289 2076 1390 2141 domi·

226 2187 310 2257 tare,
332 2177 468 2261 fugitare
490 2185 559 2257 010,
582 2199 608 2244 r.
624 2177 838 2255 Schmilinsk.,
861 2200 892 2260 p.
917 2183 975 2255 44,
999 2183 1164 2260 praeterea
1186 2178 1306 2263 inspice
1329 2181 1391 2245 Lo·

225 2286 323 2350 000011
354 2283 588 2348 adnotationem
624 2285 664 2348 ad
697 2283 832 2349 Mostell.
870 2288 938 2347 lll.
996 2286 1100 2363 Atque
1131 2283 1273 2350 Valesius
1304 2289 1391 2371 apud

228 2391 424 2454 Ammianurn
440 2388 658 2454 Marcellinum
679 2390 769 2455 illum
785 2410 877 2454 usum
901 2387 1095 2466 observavit,
1119 2389 1157 2456 cf,
1180 2391 1280 2474 praef.
1302 2415 1332 2477 p.
1351 2398 1390 2457 52

212 2494 433 2584 *eleagner
458 2495 497 2558 de
519 2495 580 2559 hac
602 2516 637 2560 re
659 2497 730 2560 vide
753 2498 848 2560 etiam
867 2493 1036 2558 Fuchsinm
1059 2492 1108 2557 in:
1133 2494 1336 2565 »Verlrandll
1360 2499 1391 2566 d.

225 2596 644 2682 Philologenuersarnmlung
660 2621 698 2664 zu
714 2600 856 2665 Dresdeu
877 2605 980 2664 1844«
997 2621 1028 2682 p.
1047 2602 1106 2677 39,
1130 2607 1162 2665 01
1179 2601 1277 2666 Diezii
1291 2624 1335 2685 gr.
1353 2604 1392 2682 11,

227 2709 306 2783 373,
330 2708 401 2772 374.
444 2706 494 2771 110
517 2706 685 2771 Petronius
709 2728 836 2790 quoque
858 2727 951 2789 saepe
973 2704 1103 2771 verbum
1124 2705 1390 2789 frequentativum

225 2807 370 2892 adhibet,
393 2833 586 2895 quamquam
597 2813 664 2892 jam
680 2813 812 2893 simplex
829 2814 1004 2877 sententiae
1019 2809 1154 2890 sufficit,
1178 2812 1218 2889 cf.
1236 2816 1392 2896 affectare

226 2936 252 2982 c.
278 2921 335 2994 62,
365 2924 556 3000 amplexare
583 2938 609 2983 c.
633 2920 690 2994 63,
721 2919 928 2996 0110100045,
955 2922 1116 2981 insertare
1141 2923 1198 2994 97,
1228 2923 1392 2985 intentare

225 3025 267 3105 (p.
284 3023 426 3107 intendo)
443 3028 479 3102 9,
505 3028 564 3102 70,
592 3024 668 3098 108,
692 3025 861 3087 venditore
879 3027 934 3101 13,
954 3029 1081 3088 vectori
1098 3029 1176 3102 101,
1190 3045 1322 3090 versare
1339 3034 1390 3095 41.

225 3127 340 3193 Statim
371 3130 558 3212 adjiciamus
588 3128 706 3194 formas
728 3130 943 3194 inchoativae:
976 3132 1243 3194 obdorrnr'acerern
1268 3134 1326 3212 86,
1350 3133 1391 3198 ci.

225 3233 432 3297 edormiscere
454 3233 557 3299 Plaut.
581 3236 693 3317 Amph.
720 3240 799 3313 697,
822 3235 903 3301 Rud.
929 3240 1010 3314 586,
1038 3236 1285 3317 perdormiscere
1308 3239 1390 3308 Men.

175 3399 178 3405 .
226 3343 304 3420 928,
329 3338 580 3405 condormiscere
595 3341 659 3406 Mil.
677 3342 715 3423 gl.
735 3346 815 3421 826,
848 3382 879 3389 -
891 3348 1049 3426 frunitus
1064 3350 1130 3421 est,
1154 3343 1256 3423 043,
1269 3350 1391 3428 srani-

224 3466 300 3509 ecar
323 3467 350 3511 c.
374 3448 432 3522 44,
447 3448 656 3527 fruniscoric
679 3466 704 3510 0.
730 3452 780 3511 70.
834 3451 879 3514 De
900 3450 1003 3516 Plaut.
1027 3449 1151 3514 ratione
1173 3449 1234 3516 vid.
1258 3449 1386 3519 Schmil.

226 3572 255 3632 p.
273 3555 324 3617 47.
360 3549 421 3615 Sed
444 3551 581 3635 plurima
602 3549 765 3616 Vitruvius
789 3555 933 3637 exempla
954 3554 1102 3638 praebet,
1126 3555 1180 3638 qui
1196 3557 1303 3621 omnia
1323 3557 1391 3624 fere

225 3659 321 3722 verba
342 3661 374 3725 in
399 3682 488 3726 -are
518 3658 567 3724 rel
599 3659 631 3721 iu
654 3677 791 3722 ·scere
821 3661 946 3726 100001.
972 3662 1010 3728 01,
1040 3662 1228 3727 cohaeresco
1253 3668 1289 3740 2,
1314 3669 1347 3742 3;
1372 3670 1390 3728 2

228 3767 475 3844 60100100οε00
493 3771 529 3844 2,
553 3769 589 3844 33
614 3770 707 3830 2010.
731 3766 927 3843 inarescet,
951 3775 986 3843 4,
1012 3771 1048 3845 3;
1072 3767 1226 3834 solidesco
1243 3775 1277 3847 2,
1303 3778 1338 3849 5,
1365 3776 1392 3850 3,

225 3872 423 3937 siccescendo
448 3878 675 3937 consenescunt
699 3876 735 3949 2,
759 3877 796 3952 0,
820 3878 839 3934 4
863 3880 921 3938 etc.
953 3911 990 3919 -

266 3989 269 3996 ’
330 3976 402 4039 Jam
425 3977 505 4040 alins
529 3978 783 4062 amplificationis
805 3979 917 4043 modus
940 3977 1036 4042 verbo
1059 3978 1199 4043 Petronii
1224 3987 1389 4062 inopinia-

223 4083 324 4145 sandi
344 4083 384 4164 (c.
409 4085 464 4165 62)
487 4083 585 4161 inest,
619 4083 705 4167 quod
737 4083 849 4148 eadem
881 4084 1005 4148 ratione
1032 4083 1171 4148 averbo
1202 4086 1392 4168 exopinandi
