3059 4684
716 362 740 430 4

147 553 359 638 scripserunt3
390 556 510 622 rustica
534 559 616 624 enim
645 559 702 626 illa
729 562 907 628 enuntiatio
932 559 1023 627 decet
1051 559 1208 628 homiuem
1231 559 1309 627 stul·

148 660 318 741 tissimum,
341 662 395 743 qui
412 658 619 729 Hannibalem
636 664 693 731 Ilio
717 675 832 749 capto,
854 687 951 749 quum
968 686 1080 731 aurum
1097 673 1129 730 et
1144 673 1309 748 argentum

149 765 295 832 incendio
318 766 406 832 facto
428 770 689 848 commiscuisset,
714 792 766 837 aes
786 773 992 860 demortuum
1017 780 1126 836 narrat
1150 772 1309 838 iuvenisse.

148 869 288 936 Eandem
311 877 418 938 autem
440 873 517 940 licet
533 874 683 958 loquendi
707 876 963 943 consuetudinem
978 875 1148 944 observare
1171 879 1201 943 iu
1224 880 1310 944 bisce

111 1015 114 1019 ν
149 976 272 1043 verbis:
303 962 551 1045 Brixillanorum
573 977 666 1045 Orell.
691 985 785 1046 3734.
839 981 983 1047 Felicilla
1006 980 1089 1047 Grut
1112 986 1194 1060 609,
1225 987 1245 1046 4
1271 1021 1308 1030 —-

147 1082 247 1165 puilla
277 1081 404 1147 Steiuer.
466 1082 498 1147 O.
522 1082 544 1147 1.
571 1084 605 1150 D.
635 1094 668 1152 et
697 1086 754 1152 Rb.
781 1091 864 1152 3793
897 1093 971 1166 etc.;
1002 1087 1129 1153 eliade
1158 1088 1219 1154 hoo
1250 1109 1309 1153 usu

148 1186 397 1253 Sobuobsrdtius
412 1188 426 1252 I
443 1192 505 1253 356
529 1211 597 1274 sqq.
621 1192 763 1257 contulit.
800 1191 922 1256 Deinde
940 1191 1065 1276 juvabit
1088 1213 1125 1258 ea
1146 1194 1309 1276 inspicere,

151 1311 237 1375 quae
261 1292 485 1359 Mommsenius
507 1293 540 1359 0.
561 1294 589 1359 J.
613 1295 646 1359 1.
669 1317 699 1380 p.
724 1301 764 1362 39
796 1296 835 1360 de
866 1297 975 1361 formis
1000 1297 1245 1362 »Duellius«
1277 1306 1310 1362 et

150 1426 165 1453 »
178 1398 393 1463 Duillius«
426 1397 589 1488 disseruit,
624 1403 679 1485 qui
713 1403 849 1485 priorem
879 1403 1067 1486 scripturam
1100 1400 1243 1466 Ciceroni
1277 1411 1308 1465 et
1369 1450 1376 1459 .

147 1503 339 1581 Quintiliano
361 1504 509 1569 vindicat.
533 1543 573 1554 —
598 1504 766 1573 Praeterea
782 1505 882 1574 affero
898 1506 1037 1572 Petronii
1057 1504 1187 1570 verbum
1211 1510 1306 1569 euiu-

152 1611 297 1688 reraudi,
321 1607 406 1691 quod
421 1610 590 1692 scriptores
613 1611 726 1677 urbani
743 1613 863 1694 generis
878 1621 1070 1676 eceuterure
1092 1611 1307 1695 pronuntiant.

151 1716 195 1776 Ac
219 1711 268 1776 bis
283 1711 474 1780 Trimalchio
497 1716 558 1781 bon
580 1716 771 1783 vocabulum
794 1724 928 1801 usurpat
951 1739 975 1782 1.
1001 1721 1042 1780 49
1066 1720 1107 1798 (p.
1130 1721 1190 1794 56,
1215 1719 1252 1779 12
1277 1723 1309 1780 et

148 1841 177 1902 p.
203 1823 260 1897 57,
285 1822 331 1901 2),
355 1819 451 1884 tertio
475 1827 582 1886 eutem
604 1821 675 1886 loco
698 1824 742 1905 (p.
759 1828 818 1901 56,
845 1826 898 1903 14)
921 1822 1121 1887 manifestum
1143 1827 1193 1886 est
1215 1821 1308 1902 coqui

147 1924 396 1989 enuntiationem
418 1926 625 2010 perscriptam
649 1947 731 2006 esse,
754 1949 851 2010 quam
867 1926 1039 2010 Encolpius
1061 1925 1175 1990 11111111
1197 1928 1241 2008 (p.
1258 1930 1308 2001 od,

148 2030 204 2109 22)
227 2029 370 2096 imitatus
385 2039 432 2096 est
474 2029 561 2108 Quae
584 2031 700 2110 forma,
723 2053 821 2115 quam
836 2033 930 2098 etiam
946 2030 1158 2096 Buechelerus
1180 2031 1308 2113 recepit,

149 2134 259 2200 multis
288 2138 438 2220 exemplis
467 2135 629 2217 firmatur,
660 2137 698 2201 11.
719 2136 901 2203 Valintiani.
953 2136 1004 2201 Or.
1029 2134 1116 2200 Heuz
1141 2140 1234 2200 6664.
1267 2170 1307 2181 ν

147 2237 427 2315 Frumintis,Fast.
444 2243 603 2308 Praenest.
627 2243 700 2326 Apu.
726 2246 777 2308 26.
815 2242 987 2307 ¹Fruminto
1010 2241 1032 2304 1.
1057 2239 1092 2303 N.
1118 2246 1175 2316 24,
1197 2243 1239 2301 64
1264 2275 1303 2284 -

146 2343 366 2428 dysinteriae.
392 2347 479 2412 Fuld.
503 2354 563 2412 act.
583 2368 632 2430 ap.
656 2352 714 2439 26,
746 2352 783 2425 83
813 2346 1018 2430 dysintericis.
1041 2365 1066 2408 1.
1089 2344 1166 2409 Bob.
1187 2344 1305 2425 Gargil.

147 2455 225 2529 393,
252 2457 307 2531 11;
330 2451 525 2518 desintericis
545 2450 674 2518 Salmas.
698 2450 934 2534 Pseudoapulei
960 2453 1039 2527 268,
1065 2452 1120 2528 17;
1144 2452 1223 2526 285,
1252 2456 1306 2527 ¹¹3

146 2559 227 2633 290,
260 2560 310 2623 22.
363 2561 467 2640 Atque
497 2559 530 2623 in
560 2558 651 2641 gloss
675 2557 836 2639 antiquiss.
861 2575 923 2620 sec.
946 2554 990 2618 111
1021 2555 1063 2620 ab
1090 2551 1306 2651 Hildebraudo

145 2660 216 2725 edit.
242 2683 271 2744 p.
299 2638 377 2742 130,
407 2663 538 2729 verbum
570 2665 763 2728 »eviscerat«
795 2661 975 2744 explicatur
1004 2659 1101 2757 verbo
1132 2678 1305 2743 synonymo

148 2767 353 2842 »exinterat«.
406 2767 450 2834 cf.
474 2767 606 2833 Schucb.
632 2767 645 2830 l
678 2771 757 2844 351,
788 2765 834 2829 111
865 2770 933 2830 132.
987 2765 1123 2831 Maxime
1152 2771 1257 2829 autem
1290 2785 1306 2825 e

144 2872 254 2945 litera,
284 2872 312 2938 si
340 2873 444 2938 brevis
473 2880 558 2951 erat,
588 2873 621 2937 in
650 2892 793 2938 sermone
822 2870 942 2954 vulgari
972 2876 1162 2954 tunquami
1190 2869 1305 2945 sonuit,

145 2997 228 3059 quae
258 2978 373 3042 vocalis
403 2986 535 3062 propter
564 2986 690 3044 tenuem
720 2984 868 3042 usturam
897 2977 1040 3060 proxime
1064 2976 1105 3041 ab
1128 2975 1184 3040 illa
1207 2973 1305 3038 abeat.

147 3082 257 3167 ltaque
278 3085 423 3149 existimo
447 3105 472 3148 c.
491 3087 531 3147 39
548 3083 615 3146 nod.
637 3082 821 3165 Traguriani
845 3081 1035 3164 scripturam
1049 3086 1202 3165 peneum,
1225 3098 1307 3162 quae

145 3209 241 3272 etiam
263 3209 295 3272 iu
315 3208 457 3289 margine
472 3208 622 3289 apposita
637 3215 685 3271 est
699 3169 899 3290 [9111111111
921 3225 984 3271 uon
999 3226 1067 3271 esse
1089 3202 1306 3288 respuendam,

145 3334 243 3393 quum
266 3334 305 3378 ex
326 3312 485 3377 nonnullis
508 3311 658 3394 exemplis
681 3319 851 3395 appareat,
882 3309 979 3376 verba
1009 3331 1121 3394 graeca
1144 3313 1304 3394 „riarum
1398 3335 1401 3341 ·

143 3418 299 3500 νέμεσιςίί
316 3417 379 3482 ulia
394 3424 547 3497 tanquam
561 3416 693 3497 „geniem
710 3419 834 3482 nemisia
852 3425 904 3482 ete
914 3423 938 3482 “.
956 3438 976 3481 a
991 3416 1083 3500 plebe
1097 3416 1306 3499 pronuntiata

144 3543 218 3587 esse
253 3524 291 3586 11.
322 3520 418 3605 genisi
449 3519 568 3585 Reiues
593 3519 635 3585 vl
659 3527 687 3586 b.
732 3520 866 3587 Nemisis
888 3524 910 3586 l.
934 3521 968 3585 N.
995 3524 1089 3585 6582.
1137 3521 1306 3585 1111111111

145 3627 233 3691 Rold.
256 3631 336 3705 442,
369 3632 397 3691 2.
441 3624 570 3716 Tirisias
593 3625 717 3692 Cerrsor.
773 3627 907 3692 [larmat
940 3632 997 3706 88,
1029 3630 1066 3704 2,
1088 3626 1147 3691 rid.
1170 3625 1305 3690 Schucb.

145 3732 175 3809 l,
200 3736 272 3796 416.

691 3824 717 3882 3.
754 3821 772 3881 i.

249 3949 281 3987 α.
306 3945 322 3986 e
341 3943 404 4008 pro
428 3948 449 3987 ι.
485 3923 642 3989 Romanos
661 3926 727 4007 jam
745 3923 970 4006 antiquissimis
992 3923 1188 4006 temporibus
1211 3934 1319 4004 saepe.

145 4049 161 4092 e
191 4050 251 4113 pro
282 4033 295 4091 2'
324 4029 577 4111 pronuntiantem
608 4051 647 4101 ex
676 4027 935 4110 inscriptionibus
962 4027 1156 4111 reliquisque
1183 4028 1307 4111 priscas
