3059 4684
707 357 729 426 2
772 372 775 379 .

138 551 348 634 quaestionis,
380 571 462 636 quae
482 551 621 620 habetur
651 555 691 620 de
713 575 857 622 sermone
879 554 1020 640 plebejo,
1053 554 1157 639 qualis
1185 575 1299 641 penno-

137 656 272 721 scendus
287 657 329 721 sit
352 678 390 721 ox
404 657 545 722 Petronii
558 659 759 741 fragmentis,
781 661 851 726 fons
870 662 1027 745 reperitur
1051 662 1241 744 praecipuus
1264 662 1298 724 in

136 758 240 824 verbis
261 760 446 826 libertorum
470 783 508 828 ac
531 784 708 845 serrorum,
731 788 812 849 quos
835 787 933 849 supra
955 767 1143 830 enumeravi.

240 865 312 930 Jam
343 866 459 949 quibus
481 869 606 935 auxiliis
635 891 715 953 opus
736 873 793 947 sit,
826 879 863 937 ut
894 870 1033 954 aliquam
1062 869 1297 952 pronuntiandi,

135 967 294 1049 flectendi,
317 973 523 1059 componendi
546 977 716 1055 rationem,
740 998 837 1058 quam
858 974 943 1059 apud
960 974 1141 1038 Petronium
1156 975 1297 1058 legimus,

136 1073 385 1141 demonstremus
401 1098 467 1143 esse
481 1080 648 1159 rusticam,
672 1082 785 1146 omitto
801 1101 973 1164 exponere,
997 1081 1073 1161 qnia
1091 1079 1131 1143 (le
1145 1077 1298 1156 lontibus,

135 1201 152 1242 e
182 1180 298 1263 quibus
327 1185 532 1265 grammatice
561 1185 713 1250 sermonis
743 1183 861 1269 plebeji
894 1192 979 1250 esset
1008 1185 1198 1263 haurienda,
1229 1185 1296 1266 jam

135 1284 472 1354 Schuchardtius
495 1291 527 1354 in
543 1291 667 1373 egregio
687 1290 784 1368 libro,
807 1291 862 1372 qui
878 1288 1062 1355 inscribitur
1080 1289 1296 1373 »Vocalismus

134 1388 189 1459 nes·
212 1389 484 1475 Vulgiirlateins«,
519 1395 597 1460 satis
628 1396 810 1479 disputavit
842 1395 911 1461 vide
933 1403 1007 1461 tom
1031 1394 1063 1473 l,
1089 1417 1119 1477 p.
1145 1399 1182 1458 ll
1208 1414 1295 1474 seqq.

134 1494 180 1591 Oi.
203 1497 315 1581 etiarn,
338 1519 421 1583 quae
443 1500 636 1567 Boenschius
658 1502 690 1566 in
714 1499 787 1565 libri
810 1501 871 1566 hoo
895 1521 978 1567 anno
1000 1499 1093 1577 editi,
1125 1499 1177 1565 cni
1199 1498 1293 1565 index

133 1608 182 1675 ost
206 1602 308 1668 »itala
337 1604 402 1669 und
432 1604 609 1687 Vulgata«,
638 1627 692 1690 pp.
721 1610 861 1670 15-20
884 1602 984 1670 affert
1030 1604 1201 1671 Praeterea
1224 1603 1295 1695 vide

133 1708 329 1792 Bernhardyi
350 1709 422 1775 hist.
444 1710 504 1774 litt.
528 1711 563 1774 R.
585 1733 637 1794 pp.
655 1713 828 1776 339-343
852 1708 1295 1794 (ed.1V)adnotatt.2ooet

135 1818 214 1891 242,
238 1813 412 1885 etssoemii
435 1814 506 1883 hist.
529 1816 641 1883 litun
658 1816 686 1895 1,
710 1840 737 1898 p.
765 1822 803 1881 19
827 1838 895 1898 sqq.
919 1815 971 1899 (ed
993 1812 1057 1897 lv).
1083 1851 1123 1861 -
1147 1812 1207 1877 Sed
1227 1814 1294 1896 jam

133 1920 174 1993 ad
196 1937 263 1985 rom
284 1920 480 2003 propositam
503 1921 715 1991 transeamusl
761 1924 882 2003 Atque,
912 1929 949 1985 ut
970 1922 1003 1985 iu
1028 1919 1213 2003 exponendo
1238 1919 1295 1985 Pe·

132 2027 228 2100 tronii
250 2046 393 2093 sermono
407 2025 533 2108 plebejo
556 2027 678 2092 ratione
693 2047 732 2090 ac
755 2027 806 2091 via
819 2026 976 2111 procedat
998 2026 1188 2108 disputatio,
1211 2025 1295 2090 banc

132 2130 239 2209 statim
262 2138 398 2213 apparet
418 2129 487 2197 fieri
513 2130 696 2211 divisionem
718 2131 1001 2215 quadripertitam,
1029 2142 1065 2196 ut
1088 2133 1224 2215 primum
1249 2130 1295 2197 oi-

132 2243 224 2309 catur
259 2236 302 2301 de,
327 2236 583 2318 pronuntiatione
615 2237 799 2317 vorborum,
821 2237 946 2331 ‚deinde
974 2238 1016 2303 de
1046 2236 1195 2305 flexione.
1226 2243 1295 2307 tun

132 2339 174 2417 ile
193 2343 436 2423 compositionc3
459 2347 622 2425 postremo
644 2341 683 2406 de
705 2364 765 2409 usu
788 2343 971 2425 syntectico.

447 2568 484 2650 Ι.
522 2570 586 2652 Ito
605 2570 981 2673 pronuntiatione.

338 2711 373 2793 a)
401 2708 462 2774 lle
485 2708 848 2796 pronuntiatione
871 2705 1091 2774 vocalium.

668 2851 693 2910 l·.
731 2864 757 2910 a.

234 2973 467 3056 Nonnunquam
490 2998 508 3038 o
531 2997 591 3060 pro
614 3000 635 3041 a
659 2977 782 3059 vulgari
816 2977 940 3043 ratione
962 2974 1162 3047 enuntiatur,
1198 2979 1295 3053 atque

130 3080 265 3145 maxime
287 3083 314 3147 si
336 3101 512 3149 consonans
535 3081 660 3149 labislis
679 3105 701 3145 a
721 3080 861 3149 vocalem
877 3080 1029 3160 sequitur,
1052 3078 1112 3142 vid.
1129 3076 1255 3151 sebach
1271 3076 1294 3157 l,

129 3204 150 3266 p
186 3189 261 3263 ιιι,
295 3186 341 3251 ιιι
370 3193 419 3253 sa.
466 3168 510 3251 cf.
543 3185 709 3251 neronem
742 3174 831 3253 can.
864 3189 943 3261 ιιι,
979 3189 996 3247 ι
1033 3184 1166 3266 amque
1201 3183 1293 3252 rosa
1357 3268 1364 3277 ‚

130 3307 262 3366 canova,
300 3310 467 3370 canorum,
502 3311 651 3374 canopus,
689 3310 749 3374 pro
782 3310 915 3370 canava,
953 3309 1119 3367 mavum,
1154 3288 1295 3355 canabus

128 3393 289 3487 scripturn
313 3395 392 3460 med.
415 3417 479 3463 neu.
510 3434 552 3444 -
576 3396 729 3479 colophus
752 3396 845 3478 gloss.
871 3382 987 3474 labb,
1018 3394 1149 3461 colobue
1171 3395 1190 3463 l.
1214 3392 1295 3467 sala

129 3500 342 3583 colophiaare,
365 3501 476 3585 (langii
499 3503 636 3569 thesaur.
659 3503 713 3567 lat
737 3502 816 3566 med.
840 3524 905 3566 aer.
950 3500 1072 3577 Quibus
1098 3499 1250 3581 exemplis
1272 3519 1296 3567 a,

127 3604 358 3675 Schuchardtio
381 3609 538 3689 congestis
561 3607 730 3691 adjecerim
753 3607 854 3686 aliud,
885 3604 972 3688 quod
1002 3605 1103 3668 inueni
1136 3605 1167 3666 in
1191 3604 1293 3669 lexico

127 3720 233 3778 vetere
255 3714 302 3779 ecl
326 3713 366 3781 ab
389 3714 425 3779 A.
464 3713 548 3781 Maio
571 3713 607 3779 cl.
632 3721 729 3781 auctt.
752 3711 827 3776 Vlll
850 3735 878 3793 p.
898 3718 955 3776 52:
978 3710 1037 3774 hoc
1060 3718 1123 3773 est:
1152 3708 1294 3791 salopiae,

127 3820 184 3901 qui
213 3823 344 3901 propter
372 3819 547 3887 mercedem
570 3819 681 3901 alapae
704 3819 857 3902 patitur«.
910 3816 1053 3897 itemque
1085 3815 1235 3898 »alopuq«
1260 3816 1292 3877 in

127 3924 189 3993 alio
220 3925 373 4005 massario
403 3923 520 4005 legitur
542 3923 595 4003 (cl
618 3930 715 3991 auott.
740 3922 798 4002 VI,
827 3944 856 4004 p.
883 3927 967 4001 506).
1013 3919 1062 3985 Ex
1091 3921 1152 3987 hoc
1182 3939 1294 4002 genere

127 4035 178 4097 est
199 4031 341 4097 Petronii
362 4029 494 4097 verbum
512 4031 776 4112 percolopabant
799 4047 825 4091 c.
850 4035 902 4091 44.
