3059 4684
760 393 889 501 ²⁸„

201 587 241 654 ab
265 589 404 671 antiquis
424 588 501 657 ficta
518 595 754 667 morerentur«;
777 590 817 656 cf.
833 590 962 667 Quintil.
981 596 1015 670 8,
1042 597 1077 669 6,
1102 596 1152 657 32.
1187 590 1235 654 Ea
1258 599 1364 657 autem

201 695 327 759 vincula
342 717 363 760 a
379 695 605 762 consuetudine
621 695 722 779 plebis
734 696 884 774 aberant,
908 718 990 779 quae
1004 718 1042 761 ex
1058 697 1204 763 omnibus
1219 700 1365 784 partibus

201 801 569 885 copiam'vocabulorum
585 801 757 869 derivando
774 801 995 884 amplificavit,
1018 812 1055 868 ut
1070 805 1239 887 thesaurus
1254 806 1365 870 rustici

200 907 350 973 sermonis
371 906 500 971 uberior
531 912 628 999 essct,
660 927 755 990 quam
781 906 875 989 copia
896 905 1051 972 bonorum
1075 909 1282 991 scriptorum,
1309 912 1364 993 qui

27 1063 31 1079 .
138 1026 140 1030 '
201 1012 359 1093 elegantia
387 1031 426 1075 ac
456 1012 684 1095 perspicuitate
714 1014 866 1085 sermome
902 1012 1106 1079 excellebant.
1163 1016 1235 1081 Jam
1265 1038 1362 1099 quum

200 1122 291 1188 nobis
312 1121 344 1184 in
364 1118 468 1187 animo
491 1117 532 1181 sit
567 1138 723 1209 exponere
745 1125 898 1201 quantam
914 1120 1082 1186 Petronius
1103 1140 1232 1202 operam
1256 1122 1289 1184 iu
1312 1142 1363 1184 ex·

199 1227 366 1312 primenda
387 1224 577 1290 rusticitatis
592 1223 728 1304 imagine
744 1225 964 1301 collocaverit,
987 1224 1141 1290 nonnulla
1161 1225 1362 1291 derivationis

201 1355 317 1417 genera
332 1330 610 1416 pertractabimus,
637 1349 719 1412 quae
736 1330 767 1392 in
784 1349 925 1394 sermone
945 1329 1069 1413 plebejo
1085 1338 1161 1394 eunt
1175 1331 1362 1411 frequentia,

202 1450 235 1506 et
256 1440 346 1504 illum
363 1435 649 1504 demonstrabimus
666 1436 760 1501 etiam
776 1437 808 1500 in
826 1436 1051 1519 componendis
1067 1435 1197 1500 vocibus
1219 1434 1362 1517 plebejate

201 1544 437 1611 consuetudinis
459 1543 637 1609 studiosum
659 1540 763 1607 luisse.

501 1801 528 1867 l.
564 1801 610 1866 lle
632 1798 815 1865 nominibus
838 1798 1055 1865 deminutivis

303 1962 338 2026 ln
369 1984 511 2028 sermone
541 1944 733 2045 quotidiano
747 1961 815 2043 jam
838 1960 1063 2044 antiquissimis
1085 1959 1283 2041 temporibus
1304 1980 1358 2025 uc

199 2070 318 2135 minum
342 2070 478 2136 formam
499 2067 670 2134 derivando
701 2066 896 2151 amplificare
918 2064 1079 2141 solebant,
1109 2073 1206 2148 atque
1228 2066 1293 2143 ita,
1323 2073 1361 2130 ut

196 2174 343 2239 suffixum
375 2173 502 2258 quidem
533 2171 757 2240 deminutivum
790 2171 1015 2255 adjungerent,
1040 2170 1094 2236 sed
1117 2173 1283 2255 genuinam
1306 2193 1360 2236 no-

201 2282 292 2347 minis
315 2283 475 2348 notiouem
496 2281 529 2345 iu
553 2279 648 2344 verbo
671 2279 815 2345 derivato
837 2279 1017 2344 retinerent.

302 2386 479 2472 Scriptores
496 2386 639 2469 quidem,
656 2386 710 2468 qui
725 2383 849 2448 urbano
866 2384 991 2448 dicendi
1006 2384 1111 2464 generi
1127 2404 1257 2464 operam
1272 2382 1357 2460 dant,

195 2492 322 2556 minime
344 2494 385 2560 ab
407 2495 468 2559 hac
490 2489 652 2557 derivandi
668 2490 793 2555 ratione
815 2489 1006 2568 abhorrent,
1029 2490 1083 2554 sed
1108 2497 1214 2554 tamvm
1237 2487 1359 2551 modice

196 2616 274 2661 eam¹
288 2597 456 2676 adhibent,
481 2606 578 2681 atque
594 2599 654 2678 ita,
677 2604 714 2660 ut
732 2595 863 2660 vocibus
877 2595 1029 2661 derivatis
1043 2594 1245 2662 deminuendi
1269 2595 1355 2659 notio

194 2711 365 2773 remaneat
398 2705 471 2769 Jam
501 2705 638 2786 vulgaris
661 2700 898 2767 consuetudinis
922 2703 1079 2785 specimen
1102 2700 1352 2782 Schmilinslryue

195 2829 234 2871 ex
256 2808 371 2878 Plauto
403 2811 513 2876 attulit
536 2812 583 2892 (p,
609 2813 648 2872 35
673 2792 768 2891 squ).
822 2808 926 2892 Atque
948 2807 1023 2873 belli
1046 2807 1189 2874 Africani
1220 2807 1359 2890 scriptor

196 2914 242 2979 itu
265 2916 392 2982 nomina
416 2916 610 2982 deminutiva
632 2913 778 2994 adamat,
800 2921 838 2980 ut
856 2915 922 2998 jam
945 2935 984 2981 ex
1007 2916 1067 2982 hoc
1090 2937 1149 2981 usu
1175 2912 1358 2979 »familiaris

196 3026 229 3084 et
252 3021 390 3125 vulgaris
412 3022 565 3086 sermonis
587 3019 736 3103 proprio«
762 3021 1013 3087 concludendum
1031 3021 1089 3096 sit,
1112 3022 1201 3086 illum
1217 3019 1358 3085 libellum

197 3146 217 3188 a
233 3124 371 3192 Caesare
386 3148 448 3193 non
465 3128 674 3210 compositum
689 3146 773 3204 eese;
796 3127 835 3193 ci.
852 3127 1024 3211 Nipperdei
1039 3134 1161 3209 quaest:
1178 3126 1217 3190 dc
1232 3124 1358 3216 supple·

196 3233 309 3297 mentis
325 3234 623 3299 commentariorum
637 3233 714 3298 Julii
730 3233 875 3300 (lassaris
890 3256 921 3317 p.
940 3237 988 3298 16.
1024 3231 1069 3297 Ut
1087 3253 1161 3298 vero
1176 3230 1358 3316 posterioris

194 3337 346 3421 temporis
375 3341 563 3423 scriptores,
593 3338 648 3422 qui
680 3361 824 3406 sermone
845 3341 963 3406 rustico
986 3340 1036 3404 usi
1058 3341 1148 3411 sunt,
1179 3337 1357 3415 afferamus,

193 3442 343 3524 Faustus,
369 3445 523 3521 Valerius,
549 3445 753 3511 Innocentius
777 3445 855 3509 baec
870 3447 998 3512 uomina
1013 3447 1249 3511 derivaverunt:
1272 3466 1359 3509 mon·

193 3551 317 3616 ticellus
347 3560 405 3619 ter.
440 3575 469 3636 p.
493 3557 556 3618 308
581 3551 704 3628 (iram,
735 3552 855 3645 arcella
881 3553 974 3629 ibid,
1002 3551 1204 3635 campicellus
1226 3574 1257 3634 p.
1283 3556 1354 3625 312,

192 3655 394 3722 flumicellum
406 3681 436 3740 p.
451 3661 530 3736 3183
553 3656 592 3721 cf.
610 3656 808 3740 Bernhardyi
823 3659 895 3724 hist.
911 3659 958 3724 iit.
975 3660 1011 3725 R.
1027 3680 1057 3740 p.
1072 3664 1134 3724 844
1152 3657 1260 3725 adnot.
1280 3662 1353 3720 579.

194 3764 240 3853 dc
258 3763 385 3845 juvabit
407 3762 576 3829 nonnullos
599 3761 698 3827 Italae
718 3769 750 3828 et
770 3763 928 3845 Vulgatae
950 3765 1037 3830 locos
1062 3763 1220 3843 conferre,
1242 3764 1358 3847 quibus

193 3857 310 3932 latinae
334 3868 452 3932 formae
475 3869 685 3934 deminutivae
710 3868 819 3933 eadem
849 3869 977 3935 notione
1002 3877 1175 3953 usurpatae
1197 3878 1288 3946 sunt,
1319 3891 1356 3934 ac

192 3972 348 4056 simplicia
363 3993 479 4054 graeca
492 3974 632 4053 nomina;
656 3974 695 4040 ci.
708 3972 873 4040 leunculus
886 3973 988 4055 λέων,
1011 3977 1085 4058 Reg.
1103 3981 1150 4054 10,
1173 3980 1224 4054 20,
1249 3975 1359 4056 Vulg.;

192 4081 335 4149 auncula
358 4072 413 4157 cde
438 4078 495 4146 Mc.
522 4088 555 4176 7,
580 4088 615 4162 3,
638 4082 709 4148 ital.
734 4088 876 4179 quatuor
899 4081 997 4162 codd;
1020 4082 1234 4157 domnuncula
1259 4073 1357 4163 οἶκος,
