3059 4684
695 582 698 589 ’
764 577 793 639 2.
828 593 853 639 e

229 721 238 739 .-
328 697 365 745 'aa
387 704 410 746 a
428 703 491 764 pro
514 704 531 746 e
554 683 610 769 (ph
654 681 696 760 li,
719 681 776 763 qui
801 700 943 744 sermone
965 675 1088 762 plebejo
1110 683 1261 758 utuntur,
1288 696 1388 760 quum

227 784 350 852 Graeca
368 786 537 865 vocabula,
560 787 758 867 maximeque
773 786 903 851 nomina
924 786 1054 868 propria
1068 784 1241 868 recipiant,
1262 784 1296 848 in
1319 782 1389 866 qui·

226 892 286 957 hus
315 917 335 980 η
364 893 457 956 litera
488 896 550 972 est,
580 911 639 974 pro
670 910 708 953 ea
736 910 832 972 saepe
853 911 877 952 a
898 890 1088 973 loquuntur,
1122 888 1162 952 ad
1195 909 1293 970 quam
1316 909 1387 971 pru

225 998 456 1061 nuntiationem
486 996 621 1060 multum
652 995 769 1060 Dorica
798 994 947 1076 loquendi
978 994 1159 1077 proprietas
1188 993 1312 1058 videtur
1336 1014 1388 1058 re·
1418 1035 1421 1040 -

225 1104 327 1167 luisse.
352 1101 391 1163 cf.
408 1098 629 1182 Epictetianse
645 1099 723 1164 Mur.
746 1104 829 1176 aad,
853 1104 880 1163 6.
916 1098 1105 1164 Philematio
1121 1097 1201 1163 Mur.
1221 1103 1313 1175 1538,
1340 1105 1389 1163 ll.

108 1239 110 1243 >
225 1204 365 1270 Tabaide
387 1199 461 1268 ibid.
483 1209 574 1284 1456,
598 1211 626 1269 4.
665 1205 869 1281 Damaratus,
892 1203 1105 1269 Philodamus.
1121 1211 1179 1268 etc.
1196 1203 1234 1268 ci.
1250 1201 1385 1268 Sehuch

225 1312 255 1390 l,
286 1316 359 1376 221.
397 1308 454 1373 llis
473 1308 559 1375 ,adde
580 1309 756 1393 exemplum
774 1310 999 1375 Petronianum
1013 1312 1147 1374 Athona
1170 1327 1195 1372 c
1219 1313 1278 1385 58,
1301 1309 1387 1390 qued

224 1423 303 1502 puto
334 1437 373 1480 ex
395 1415 574 1481 rusticitate
595 1413 803 1498 Campaniae,
834 1435 916 1499 quae
946 1422 1033 1480 terra
1053 1412 1196 1480 moribus
1218 1433 1257 1477 ac
1278 1413 1387 1495 lingua

225 1521 418 1585 Graecorum
441 1519 565 1585 imbuta
587 1526 672 1598 erat,
695 1520 849 1602 originem
870 1518 1040 1602 repetiisse.

327 1632 361 1708 β.
383 1649 395 1688 ι
414 1644 476 1705 pro
500 1645 524 1688 e.
570 1624 704 1691 Romani
733 1646 832 1707 quum
860 1623 985 1690 Graeca
1011 1622 1122 1703 verbs,
1151 1624 1184 1689 in
1214 1622 1330 1706 quibus
1356 1628 1389 1691 e·

222 1730 437 1812 diphthongus
452 1730 554 1794 vocali
573 1730 786 1813 subsequente
801 1735 888 1808 erat,
911 1735 1148 1805 mutuarentur,
1179 1727 1273 1793 modo
1295 1748 1353 1811 per
1375 1734 1389 1790 i

222 1834 315 1911 modo
338 1853 395 1916 per
417 1854 433 1897 e
455 1833 534 1898 illud
557 1840 589 1898 er·
601 1835 900 1918 pronuntiaverim,
923 1841 960 1900 ut
982 1856 1042 1901 usu
1060 1834 1161 1900 solum
1182 1840 1386 1911 statueretur,

221 1936 337 2020 quibus
358 1939 392 2003 in
414 1938 517 2005 serbis
540 1962 556 2004 e
579 1941 666 2006 etin
692 1939 810 2023 quibus
833 1945 846 2003 i
867 1939 1040 2006 audiretur.
1078 1939 1192 2020 hquo
1214 1960 1273 2004 usu
1295 1938 1387 2023 plebs

222 2066 318 2128 saepe
346 2047 395 2110 ita
414 2045 558 2122 recessit,
588 2051 625 2109 ut
654 2045 902 2112 enunhatiouem
924 2043 1101 2110 urbanitati
1126 2044 1318 2109 contrariam
1349 2046 1386 2110 li·

222 2157 331 2214 center
346 2147 518 2214 adhiberet
543 2151 583 2213 ci.
600 2149 722 2214 Dioclis
737 2149 826 2215 Grut
847 2154 990 2226 1140,,5.
1016 2148 1116 2233 Epius
1133 2147 1238 2214 Plant
1270 2148 1386 2217 Bacch.

222 2259 293 2318 937.
339 2251 492 2319 Timoclia
505 2253 632 2319 Bramb.
648 2253 681 2319 C.
699 2253 729 2318 J.
746 2255 803 2321 Rh.
829 2259 909 2333 4993
940 2255 1022 2321 adde
1044 2253 1136 2321 codd
1151 2253 1265 2338 Vergil
1287 2256 1386 2337 scrip

222 2367 312 2424 tusas
335 2362 445 2423 hasce:
467 2358 564 2443 Epicu
579 2361 653 2425 Aen.
677 2358 708 2424 ll
731 2364 811 2440 264,
835 2379 879 2425 ec.
895 2360 995 2425 Pelet
1019 2366 1051 2426 et
1066 2359 1228 2426 Beruenss.
1248 2359 1321 2426 duo.
1343 2395 1385 2409 -

220 2462 380 2547 Panopiae
401 2464 514 2548 Georg.
537 2465 568 2545 1,
592 2470 654 2533 437
679 2464 747 2530 cod
762 2464 875 2531 Medio.
900 2502 940 2515 ·-
964 2463 1134 2531 Pautesilia
1157 2467 1234 2532 hen.
1258 2466 1288 2545 Ι,
1312 2471 1385 2530 491.

222 2589 248 2631 c.
259 2569 346 2634 Rem.
367 2607 408 2623 -·
424 2569 509 2636 Plias
523 2569 628 2654 Georg
642 2570 700 2649 lV,
725 2574 789 2635 233
806 2591 850 2635 cc.
865 2570 945 2639 Med
961 2570 1138 2637 etGudian
1155 2609 1196 2618 —
1213 2570 1383 2653 sperchius
1498 2572 1499 2577 ’

220 2673 333 2758 Georg.
348 2674 394 2755 ll,
417 2678 479 2740 487
503 2696 529 2740 c.
545 2674 640 2756 Rom,
663 2676 734 2743 side
750 2674 916 2741 Ribbeclrii
930 2676 1070 2760 prolegg.
1086 2677 1136 2742 ad.
1154 2676 1246 2759 Verg.
1261 2698 1291 2760 p.
1309 2681 1383 2758 427,

221 2788 253 2846 et
263 2777 396 2845 Sohuoh.
412 2781 443 2859 l,
459 2784 539 2860 2433
561 2779 621 2860 111,
641 2786 712 2847 115.
738 2781 879 2846 Eandem
890 2782 1044 2846 rationem
1057 2781 1226 2848 Petronius
1239 2784 1382 2850 imitatus

223 2908 249 2950 c.
282 2890 322 2950 29
370 2887 533 2968 Odysriun
563 2886 697 2952 formam
719 2886 862 2968 scripsit,
886 2906 980 2969 quam
1003 2886 1105 2951 miror
1119 2885 1383 2954 Schuchardtiern

222 2991 352 3074 digium
375 2990 430 3054 sed
452 2990 620 3057 benacum
641 2997 752 3057 nostro
768 2992 912 3074 exemplo
934 2991 1021 3055 aliud
1044 2989 1085 3056 ab
1108 2992 1163 3057 illo
1185 2993 1319 3058 allatum
1341 3015 1381 3061 ex-

222 3095 291 3161 eed.
314 3094 396 3162 Flet.
419 3096 539 3179 Dignst
567 3095 698 3174 XXXII,
728 3096 750 3173 1,
784 3102 835 3174 65,
857 3096 883 3178 ξ.
907 3104 927 3160 4
956 3091 1138 3179 comparari
1168 3104 1289 3181 potest,
1319 3120 1384 3180 quo

221 3202 293 3277 loeo
318 3199 493 3273 »Odissia«
517 3202 643 3284 legitur.
1293 3269 1296 3273 .

327 3309 433 3389 Atque
449 3328 466 3371 e
481 3307 607 3375 literam
620 3308 778 3390 positione
800 3307 992 3390 productam
1014 3307 1047 3371 in
1062 3308 1216 3373 acriorem
1238 3311 1385 3389 isocelis

224 3432 335 3487 sanum
367 3414 505 3481 transire
527 3410 778 3479 Schuchardtius
807 3414 927 3496 ingenti
965 3414 1179 3496 exemplorum
1201 3415 1295 3497 copia
1316 3423 1338 3480 t.
1362 3415 1385 3496 l,

222 3540 274 3601 pp.
289 3522 462 3584 329-374
477 3519 556 3585 sah's
571 3538 728 3601 superque
743 3519 985 3597 demonstravit3
1000 3541 1062 3583 non
1083 3521 1180 3602 igitur
1191 3517 1383 3604 quibusdam

221 3623 360 3693 Petronii
391 3625 469 3691 loeis
500 3644 571 3689 curn
601 3622 776 3691 editoribus
805 3623 959 3706 ejusmodi
990 3623 1115 3701 formas,
1146 3643 1226 3706 quas
1254 3645 1292 3690 ex
1315 3645 1385 3695 meu

223 3729 378 3794 sententia
401 3752 466 3793 non
495 3731 561 3794 sine
584 3749 698 3794 caussa
721 3726 849 3792 Arbiter
872 3728 1007 3800 sermoni
1029 3729 1215 3793 libertorum
1241 3730 1383 3809 inseruit,

223 3832 392 3898 deleverim
404 3854 509 3917 neque
520 3833 675 3899 bonorum
690 3833 880 3914 scriptorum
893 3832 1020 3896 dicendi
1035 3835 1190 3898 rationem
1205 3838 1384 3919 receperim.

223 3940 276 4011 de
297 3961 322 4003 c.
357 3944 399 4003 50
421 3941 613 4009 Trimalchio
644 3937 817 4003 secundum
851 3938 917 4001 cod.
949 3934 1098 4019 Preger..
1113 3949 1248 4022 usurpet
1277 3961 1386 4005 vocem

117 4031 119 4034 ⁴
219 4048 456 4136 summitatem,
487 4066 548 4128 pro
581 4064 647 4126 qua
677 4065 743 4108 non
776 4042 856 4106 hene
889 4041 1049 4108 urbanam
1078 4043 1214 4127 formam
1249 4043 1387 4109 editores

1179 4157 1215 4207 1·
