3059 4684
985 122 1113 459 c
1310 254 1313 261 w

800 398 847 464 33
1044 443 1064 479 ,

1022 448 1075 499 u„
1138 488 1175 513 .,

1080 520 1084 533 ,
1280 512 1285 521 .

179 602 181 605 ’
243 605 369 667 tautum
390 597 632 665 ’66666616ᾶὶ66
662 599 829 681 proprium
863 596 988 661 videtur
1001 594 1125 685 ‚fuisse
1182 593 1228 658 Ae
1257 592 1404 677 profacto

244 707 330 790 apud
361 713 472 789 poetas
503 703 641 767 comicos
663 710 813 767 sexcenta
838 702 924 766 illins
948 700 1078 767 rationis
1100 698 1244 783 exempla
1266 699 1405 779 legimus,

244 813 407 893 multaque
438 809 499 874 alia
528 809 559 872 in
584 808 790 890 epistolarum
815 830 941 890 genere,
966 808 1083 891 quippe
1106 804 1191 889 quod
1215 824 1235 867 6
1256 803 1403 867 familiari

243 918 366 982 dicendi
389 915 514 982 ratione
536 914 676 995 proxime
706 914 800 979 absit.
853 913 899 978 cf,
931 914 977 977 sic
1007 933 1076 976 sum
1112 910 1216 975 Plaut.
1241 913 1351 992 Amph.
1377 914 1404 989 2,

248 1028 280 1101 1,
305 1027 362 1099 51,
392 1041 483 1103 aegre
513 1032 561 1084 est
582 1020 667 1086 milri
687 1019 779 1104 Gapt.
807 1027 838 1094 l,
863 1024 900 1097 2,
925 1023 980 1098 20,
1010 1019 1056 1084 sic
1085 1016 1152 1082 vita
1182 1023 1251 1078 erat
1280 1012 1404 1079 Terent.

245 1127 339 1190 Andr.
367 1132 399 1203 1,
426 1132 457 1203 1,
489 1131 545 1204 35,
574 1133 633 1190 eta
664 1125 724 1190 vid.
748 1125 864 1189 Holtzii
896 1129 1020 1207 syntax.
1043 1123 1134 1205 prise.
1158 1121 1264 1204 script.
1288 1121 1336 1184 lat
1368 1119 1406 1197 ll,

245 1253 297 1315 pp,
320 1235 428 1294 6-6,
473 1229 574 1308 Quam
597 1231 855 1296 consuetudinem
877 1228 964 1312 apud
986 1227 1169 1293 Petronium
1190 1226 1406 1307 cognoscimus

245 1337 330 1401 hisce
353 1335 544 1400 dictionibus
573 1337 690 1401 inesse:
719 1357 820 1418 aequae
844 1344 892 1398 ent
915 1339 972 1408 42,
1004 1336 1084 1397 belle
1107 1338 1169 1396 erit
1191 1338 1249 1411 46,
1268 1336 1406 1414 pessime

244 1443 324 1504 minz·
344 1450 417 1505 erat
440 1447 497 1520 64,
520 1443 598 1505 bene
613 1446 690 1524 suit
713 1445 771 1518 65,
793 1445 939 1504 suaviter
953 1442 1103 1521 fetido,
1125 1442 1332 1501 6666116611
1356 1440 1406 1515 59,

244 1550 410 1609 6611666661
426 1551 484 1619 61,
506 1548 633 1610 solebas
647 1552 783 1641 saeuips
797 1565 863 1609 esse
880 1550 939 1621 61,
963 1548 1020 1622 64,
1043 1554 1110 1609 eum
1120 1544 1194 1627 scd,
1218 1563 1315 1625 qaam
1333 1546 1407 1607 ean

247 1655 304 1727 16,
334 1670 428 1714 omne
455 1671 559 1733 penus
589 1657 661 1715 6616
692 1655 757 1713 sint
787 1655 877 1714 circa
907 1656 1032 1713 eineres
1062 1669 1149 1711 oreos
1175 1658 1204 1711 et
1234 1652 1405 1715 arenearum

246 1760 383 1840 largiter
405 1774 429 1819 e.
456 1762 505 1820 ’16,

693 2065 722 2134 2.
757 2068 803 2132 116
825 2067 963 2133 casibus.
1044 2090 1052 2097 ’

346 2280 380 2353 a)
405 2279 454 2339 De
483 2254 678 2343 accusatae.
732 2276 939 2344 Inveniuntur
969 2277 1056 2361 apud
1087 2276 1269 2342 Petronium
1302 2275 1405 2354 verba,

244 2400 420 2461 quaecum
445 2383 627 2447 accusativo
646 2385 840 2465 jungantur,
864 2403 962 2466 quum
984 2386 1016 2447 in
1040 2382 1162 2447 urbmro
1185 2402 1330 2449 sermone
1351 2381 1406 2447 ds·

244 2486 328 2552 tirus
343 2486 541 2551 adhibeatur.
574 2487 617 2551 cf.
634 2499 664 2553 te
676 2493 895 2570 persuadeam
913 2495 968 2565 46,
989 2490 1171 2570 persuadeo
1187 2489 1341 2568 hospitem
1356 2491 1406 2561 62,

240 2610 419 2670 persuasus
447 2610 517 2654 sum
544 2597 601 2673 81,
632 2601 789 2680 rnojorem
821 2597 1001 2663 rnolede'eoe
1024 2598 1081 2671 58,
1112 2594 1304 2656 nruledieere
1332 2592 1405 2654 Tri-

243 2700 456 2760 malcliouem
483 2702 540 2774 81,
571 2702 710 2764 maledic
741 2705 908 2764 11166196.
961 2698 1024 2765 Eas
1054 2707 1160 2763 autem
1187 2705 1407 2762 structurase

243 2804 364 2884 vulgari
386 2802 613 2869 consuetudine
631 2804 728 2869 fuisse
752 2806 1054 2888 comprobaturum
1075 2804 1214 2868 auctoris
1234 2802 1406 2868 661116161-

243 2911 330 2987 cani,
357 2908 497 2991 1661611,
519 2908 583 2989 qni¹
595 2910 820 2992 provincialem
840 2917 872 2973 et
887 2910 1048 2991 vulgarem
1068 2929 1241 2974 sermonem
1264 2930 1405 2975 nonnun-

241 3036 339 3099 quam
359 3012 503 3087 affectat,
527 3011 722 3090 Tertulliani,
746 3015 897 3093 aliorum3
920 3013 959 3079 cf.
983 3016 1125 3097 persuasi
1149 3013 1229 3079 nom.
1253 3016 1295 3098 pl.
1320 3023 1404 3099 part,

244 3142 332 3204 pass,
356 3127 438 3185 auct.
455 3118 525 3185 bell.
542 3118 607 3184 Ao.
625 3126 682 3196 66,
704 3118 764 3184 vid.
781 3118 932 3204 Nipperd.
953 3120 993 3185 de
1007 3119 1234 3203 supplementis
1250 3141 1405 3187 commen·

242 3227 395 3291 lariorum
419 3224 562 3290 Caesaris
584 3248 614 3308 p.
642 3230 696 3303 16,
727 3247 828 3290 suasa.
852 3226 943 3307 Apul.
967 3224 1006 3293 Μ.
1033 3230 1067 3301 6,
1093 3228 1172 3299 630,
1197 3236 1229 3290 te
1251 3228 1406 3292 suadeant

244 3337 278 3405 5,
311 3335 390 3408 342,
419 3328 518 3394 suade
541 3327 719 3395 Hebraeam
752 3331 839 3395 illam
861 3330 980 3397 Judith.
1017 3318 1071 3407 12,
1107 3335 1159 3406 10,
1198 3330 1305 3409 11616,
1336 3354 1405 3415 per·

241 3436 390 3503 suadebit
420 3434 573 3500 coslum.
600 3441 654 3513 16,
688 3441 742 3516 36,
766 3437 832 3499 cod.
857 3436 996 3529 Rehdig3
1022 3474 1061 3484 -
1093 3436 1279 3500 benedicere
1310 3438 1403 3503 deum

242 3537 363 3604 Tertull
401 3541 429 3605 d.
460 3561 504 3604 or.
537 3544 572 3619 3,
614 3538 764 3605 benedico
798 3544 882 3605 hunc
915 3541 1066 3617 fructum,
1108 3541 1194 3623 quod
1229 3543 1405 3624 exemplum

242 3652 291 3708 est
312 3666 329 3706 e
352 3646 458 3727 prisca
472 3645 623 3711 ecelesiae
638 3667 733 3730 prece
748 3646 959 3730 desumptum,
976 3648 1032 3710 rid.
1059 3646 1172 3711 Pertzii
1195 3647 1309 3711 annall.
1336 3650 1398 3711 hist

242 3750 345 3815 theod,
371 3750 423 3814 lX.
477 3749 576 3815 ltalae
606 3759 639 3815 et
669 3751 826 3833 Vulgatae
856 3753 1000 3836 exempla
1030 3753 1089 3817 vid.
1121 3774 1169 3835 ap.
1195 3751 1404 3816 Roensmium

244 3878 270 3939 p.
305 3860 376 3919 440.
433 3857 538 3937 Atque
568 3856 781 3925 Romanenses
810 3858 908 3922 verba
937 3856 1163 3943 persuadendi,
1193 3856 1405 3935 benedicendi,

242 3961 449 4031 maledicendi
474 3982 546 4027 cum
569 3964 750 4030 accusativo
775 3963 966 4044 conjungere
987 3963 1097 4027 solent.
1121 3964 1155 4026 cf
1176 3962 1251 4027 Dice
1283 3960 1328 4044 gr.
1354 3963 1405 4041 lll,

240 4091 272 4153 p.
296 4074 355 4146 99,
377 4090 407 4151 p.
433 4071 503 4137 103.

1209 4182 1227 4236 3
