3059 4684
158 596 339 681 profectum
368 604 416 661 est
446 617 484 662 ae
506 594 700 662 Titinianum
727 593 896 660 vibrissare
919 616 939 659 a
961 596 1057 661 verbo
1083 594 1249 673 vibrandi,
1281 595 1320 661 cf.

159 702 242 769 Fest.
273 725 303 785 p.
330 706 403 769 370.
435 740 474 749 —
513 702 540 765 E
569 718 681 784 genere
711 702 880 768 verborum
908 701 1203 779 desiderativorum,
1236 700 1322 783 quod

160 810 285 875 omnino
301 807 493 872 rarissimum
511 807 596 890 apud
613 806 712 872 bonos
724 811 896 890 scriptores
911 811 975 884 est,
997 806 1136 871 Petronii
1152 810 1321 870 canturire

159 936 185 982 c.
203 920 244 978 64
267 923 329 993 est,
353 911 389 977 cf.
413 912 590 978 habiturire
612 912 714 978 Plaut.
738 912 832 978 Truc.
859 918 892 991 1,
916 916 951 989 2,
976 910 1319 994 48scalpturire11ul.

159 1026 197 1099 4,
220 1025 255 1097 e,
281 1040 308 1084 v.
332 1017 460 1086 Soumu.
483 1040 512 1101 p.
536 1023 587 1084 44.
637 1046 639 1051 >

263 1123 455 1208 Magnopers
485 1123 621 1204 denique
648 1123 818 1189 verborum
848 1123 941 1205 copia
969 1123 1002 1186 in
1028 1142 1172 1187 sermone
1196 1121 1319 1203 plebejo

144 1251 199 1295 eo
222 1228 384 1293 derivandi
407 1249 519 1309 genere
542 1237 695 1311 augetur,
724 1228 812 1310 quod
834 1249 853 1292 a
876 1230 1001 1293 nomine
1023 1227 1252 1311 proficiscitur3
1283 1246 1320 1288 ea

158 1342 265 1400 autem
295 1333 392 1400 verba
421 1335 564 1399 derivata
592 1334 779 1416 plerumque
808 1333 981 1398 secundum
1006 1331 1215 1396 1⁸⁸1¹¹etIV⁸m
1243 1353 1318 1394 con-

153 1440 349 1523 jugationem
363 1437 544 1506 flectuntur.
579 1440 680 1518 Quem
695 1460 787 1503 usum
802 1439 898 1503 etiam
913 1437 1019 1503 Plauti
1034 1438 1131 1501 fuisse
1151 1436 1316 1518 proprium

156 1544 405 1629 Schmilinskyus
427 1567 457 1628 p.
484 1550 525 1610 43
549 1545 791 1622 demonstravit,
826 1543 916 1627 cujus
939 1543 1063 1626 copiam
1085 1541 1178 1605 facile
1200 1560 1316 1622 augere

155 1652 271 1735 possis,
294 1651 321 1716 si
342 1652 478 1716 indicem
499 1658 668 1735 poetarum
685 1651 877 1717 comicorum
898 1647 1111 1714 aRibbekkic
1139 1647 1315 1712 confectum

155 1756 411 1841 pertractaveris.
444 1756 581 1840 Jamque
602 1755 768 1820 Petronius
783 1776 885 1837 quum·
904 1756 972 1837 ipse
990 1754 1143 1819 nonnulla
1165 1753 1317 1837 ejusmodi

154 1861 252 1926 verba
275 1861 451 1944 composuit
472 1866 540 1925 turn
562 1861 825 1945 permultorum,
854 1881 937 1942 quae
960 1881 979 1925 a
1002 1860 1104 1942 poetis
1127 1860 1255 1925 comicis
1279 1881 1316 1923 ac

150 1967 292 2033 satiricis
307 1974 462 2049 usurpata
475 1973 581 2044 erant,
605 1965 759 2031 adhibuit.
794 1968 840 2029 Ac
854 1966 970 2048 prioris
984 1967 1107 2049 generis
1124 1974 1200 2031 sunt
1221 1966 1317 2029 haee:

153 2079 293 2156 opinare
318 2078 376 2150 61,
408 2077 522 2138 colare
548 2078 605 2152 38,
637 2071 676 2138 ci.
701 2069 846 2138 Buechel.
876 2094 906 2155 p.
931 2077 989 2148 41,
1019 2076 1243 2153 improperare
1267 2075 1316 2151 38,

154 2179 193 2246 cf.
216 2177 441 2262 improperium
464 2178 557 2261 gloss.
579 2178 679 2249 Paris.
703 2178 751 2243 ed.
768 2176 910 2242 Hildebr.
933 2200 964 2260 p.
992 2182 1069 2256 175,
1091 2180 1316 2261 improperare,

152 2283 306 2348 infamare
328 2285 420 2366 gloss.
443 2283 490 2350 eo.
513 2282 589 2348 um
611 2282 701 2362 vin,
723 2305 753 2367 p.
780 2287 852 2363 roe,
874 2283 934 2348 vu.
959 2270 1057 2348 orem
1079 2306 1206 2369 quoque
1230 2306 1274 2366 gr.
1293 2284 1315 2360 1,

151 2412 181 2473 p.
215 2395 270 2467 18,
308 2427 348 2436 —
380 2391 529 2472 lapidare
560 2409 585 2455 e.
616 2393 674 2467 93,
708 2374 929 2471 reerofroporev
954 2408 980 2454 c.
1013 2394 1073 2469 61,
1110 2391 1196 2472 quod
1224 2410 1314 2473 prae

150 2502 237 2558 terea
258 2494 362 2559 inveni
386 2494 419 2558 in
440 2493 538 2559 schol.
561 2493 705 2560 Juvenal.
730 2493 771 2557 ed
794 2491 871 2572 ΧΠ,
894 2497 953 2571 52,
981 2516 1012 2579 p.
1038 2500 1100 2560 352
1121 2496 1173 2562 ed.
1195 2495 1312 2559 Jahnii.

152 2604 192 2647 ’-
228 2605 391 2665 incretare
423 2619 449 2665 c.
482 2602 560 2676 102,
594 2608 763 2663 molestare
796 2621 822 2666 0.
855 2603 913 2677 58,
941 2598 1052 2682 fragm,
1079 2601 1139 2678 XI,
1169 2623 1199 2683 p,
1233 2605 1314 2678 2093
1410 2604 1413 2609 “
1496 2608 1497 2611 “

63 2736 65 2739 ·
151 2706 190 2771 cf.
213 2704 311 2770 Sirac.
331 2708 386 2781 11,
409 2708 428 2768 9
452 2703 544 2785 Vulg.
571 2741 610 2751 -
632 2715 846 2786 percolopare
870 2726 896 2770 c.
916 2710 967 2784 44,
991 2710 1179 2770 rubricatos
1194 2728 1238 2772 cc.
1258 2713 1309 2783 46,
1359 2710 1361 2714 ”

152 2815 373 2907 eapudorotoe
385 2830 417 2875 0.
436 2813 492 2886 39,
512 2815 708 2890 procreetur
724 2814 782 2890 28,
804 2814 1003 2874 sterneretur
1020 2795 1078 2891 41,
1102 2818 1241 2876 reentire
1258 2819 1311 2899 68,

255 2915 304 2980 Ex
326 2915 427 2979 altero
450 2921 556 2979 autem
579 2935 694 2997 genere
716 2915 794 2980 hoec
818 2915 914 2981 verba
928 2925 1018 2982 sunt:
1041 2928 1200 3000 argutore
1217 2941 1243 2986 c.
1260 2926 1312 2999 46,

151 3029 209 3102 48,
235 3025 275 3088 cf.
297 3022 400 3088 Plaut.
425 3021 536 3104 Amph.
562 3026 640 3102 349,
672 3060 712 3069 -
743 3028 918 3088 convivare
941 3046 965 3092 c.
991 3030 1050 3102 57,
1079 3025 1117 3090 cf.
1141 3024 1234 3109 Titio.
1259 3031 1309 3101 89,

150 3129 300 3212 Pompon.
325 3134 384 3206 85,
414 3165 452 3175 -
486 3133 643 3193 decollare
666 3150 692 3194 o.
717 3133 775 3205 51,
799 3129 838 3195 ci.
862 3128 976 3196 Caecil.
1003 3135 1081 3208 116,
1106 3168 1145 3178 -
1170 3135 1309 3214 decerpi-

148 3255 231 3301 rrere
254 3257 280 3302 c.
305 3238 363 3314 25,
386 3234 424 3302 cf.
448 3234 538 3301 Varr.
555 3233 634 3300 Non.
657 3256 687 3317 p.
705 3238 785 3313 458,
808 3231 904 3301 Sirac.
930 3239 986 3314 20,
1006 3240 1041 3314 2,
1065 3236 1171 3319 Vulg.;
1192 3235 1304 3320 Hygiu.

149 3340 180 3408 ff.
205 3346 261 3419 23,
286 3345 342 3420 83,
367 3378 407 3389 -
435 3343 639 3429 manducore
664 3361 690 3406 c.
715 3345 773 3419 46,
798 3347 856 3422 56,
879 3342 916 3408 cf.
939 3340 1043 3409 Pleut.
1068 3342 1130 3409 Mil.
1153 3343 1194 3425 gl.
1219 3347 1255 3419 2,
1281 3349 1310 3417 6,
1422 3430 1425 3433 ἱ

153 3452 230 3524 105,
260 3486 297 3494 -
323 3448 511 3512 00001000.
536 3452 593 3523 60,
620 3486 658 3495 -
683 3455 852 3510 excecatus
875 3468 901 3512 c.
928 3453 978 3524 65,
1006 3447 1045 3513 cf.
1070 3448 1172 3513 Plaut.
1198 3446 1309 3513 Pseud.

151 3555 222 3628 382,
240 3589 279 3599 -
294 3555 476 3634 compedire
492 3574 516 3638 c,
532 3558 581 3630 39,
600 3552 638 3620 cf.
657 3552 756 3618 Plaut.
771 3553 852 3620 Men.
867 3560 917 3631 85,
940 3594 957 3600 -
989 3559 1179 3620 enutrirem.
1194 3558 1245 3629 42,
1259 3557 1309 3620 62,

455 3729 530 3813 lv.
571 3730 634 3812 Ite
661 3750 710 3812 re
735 3730 997 3830 svntsotioe.

570 3853 596 3918 1.
627 3854 672 3918 De
693 3850 893 3937 praedicato.

251 3977 287 4041 In
303 3977 422 4059 optimo
438 3977 561 4042 dicendi
575 3999 689 4060 genere
704 4000 776 4043 cum
800 3980 896 4043 verbo
911 3977 1109 4042 substantivo
1126 3978 1309 4043 adverbium

146 4083 374 4167 praedicative,
394 4089 431 4147 ut
445 4084 506 4146 hac
522 4102 596 4147 voce
612 4093 700 4162 utar,
720 4084 870 4166 conjungi
882 4085 1008 4166 nequit,
1026 4084 1060 4149 id
1073 4086 1160 4169 quod
1171 4085 1310 4166 vulgaris
